3046 4966
737 544 781 607 bd

271 741 354 804 Nam
382 741 419 804 ‘id
442 741 585 826 demum
617 739 794 819 lepidumst
818 739 975 820 triparcos
999 738 1146 801 homines
1169 736 1295 828 vetulos

1053 855 1148 920 urdos
1172 855 1293 919 avidos.

67 985 69 988 ⁴
192 997 193 1000 ’
224 978 316 1045 Alius
357 981 446 1046 aliud
481 979 684 1044 medicamen
721 976 887 1040 adhibuit:
925 975 1060 1040 Ritschl.
1088 974 1294 1068 omisitzbo-

225 1100 345 1179 minem
381 1099 504 1182 Guyet:
530 1098 648 1162 acidos.
676 1132 718 1142 -
744 1095 866 1159 Eadem
892 1096 1017 1160 ratione
1041 1093 1191 1160 motetus
1217 1093 1291 1158 Aul.

226 1220 244 1283 d
261 1242 268 1282 ι
283 1219 326 1283 4ε
346 1219 397 1282 18·
411 1217 507 1282 urdos
531 1216 677 1281 coniecit.

225 1339 301 1402 Sine
335 1337 438 1401 dubio
476 1335 713 1417 simplicissima
736 1334 768 1397 et
793 1352 869 1397 vera
892 1334 1019 1398 sanatio
1043 1332 1209 1398 Ritschelii
1233 1334 1291 1398 est.
1424 1409 1427 1415 1

225 1456 320 1535 Quod
345 1456 463 1520 attinet
487 1456 529 1519 ad
553 1454 695 1518 metrum
720 1453 821 1535 partis
841 1444 1031 1534 'posterioris
1055 1452 1151 1517 huius
1168 1470 1290 1526 versus,

107 1624 110 1628 »
225 1574 431 1639 conferamus
456 1573 556 1638 Stich.
585 1571 721 1636 5:4:8
746 1569 799 1654 (ex
824 1590 886 1636 rec.
912 1571 975 1654 ΓΙ.)

273 1695 338 1757 Pro
363 1692 481 1775 opibus
505 1691 624 1755 nostris
640 1691 716 1754 satis
733 1689 1009 1754 commodulumst
1024 1690 1163 1754 minibus
1174 1689 1293 1754 fabulis

1174 1807 1288 1875 ficulis.

272 2050 350 2113 278.
390 2045 559 2133 (wal)
597 2049 636 2112 R.
675 2049 706 2112 S.
727 2045 841 2112 ‘Etiam
877 2049 955 2113 dicis
992 2049 1087 2123 ubist,
1126 2047 1292 2112 venefica?
1416 2120 1419 2127 ,

641 2167 677 2231 Ρ.
704 2167 854 2240 Hariscio,
881 2168 1027 2250 inquam,
1054 2166 1219 2231 ulmitriba
1243 2167 1289 2231 tu.
1360 2222 1364 2230 .
1402 2166 1405 2171 ’

224 2288 263 2351 R.
289 2287 357 2369 ipse
393 2287 425 2349 in
452 2285 719 2350 adnotationibus
742 2287 870 2352 scribit:
897 2287 1085 2353 etlumedicc‘s
1112 2285 1175 2350 BC.
1205 2286 1290 2350 Puto

108 2390 111 2395 ⁵
223 2407 255 2469 in
279 2406 341 2470 hoc
365 2425 382 2468 e
404 2404 506 2468 latere
530 2424 576 2469 ne.
604 2405 653 2468 lta
678 2404 817 2468 iambico
846 2406 950 2469 metro
974 2405 1019 2468 sic
1036 2405 1210 2485 legendum
1222 2406 1285 2468 est:

268 2523 301 2588 S.
327 2523 477 2588 Etiamne
502 2522 580 2587 dicis
595 2522 693 2587 ¹ubist
717 2523 883 2587 venefico?
906 2523 942 2587 P.
969 2523 1121 2601 Hariscio
1142 2523 1289 2605 inquam,
1405 2597 1409 2606 ,

972 2641 1140 2706 ulmitriba
1165 2643 1229 2707 tu?
1253 2641 1286 2722 1).

222 2755 370 2843 Saepius
395 2760 475 2824 illud
511 2781 551 2827 ne
586 2763 659 2843 post
694 2761 788 2826 eitum
811 2761 994 2855 invenimus
1018 2761 1105 2843 apud
1133 2760 1287 2824 Plautum

220 2880 254 2944 in
278 2878 460 2944 minacibus
485 2879 801 2960 interrogationibus.
829 2880 902 2944 vide
927 2879 1062 2944 Mostell.
1089 2880 1155 2943 9l5
1170 2880 1202 2943 et
1220 2879 1287 2943 926

223 3000 274 3081 (ex
297 3018 363 3066 rec·
387 2998 556 3082 Lorenzii).
705 3074 710 3087 .
915 3074 918 3081 Ι

268 3117 357 3181 Horis
381 3117 533 3182 reclude:
558 3119 649 3197 heus,
675 3116 806 3195 Tranio,
833 3119 976 3183 etiamne
988 3119 1119 3200 aperis?
1145 3118 1285 3182 Tnnorr.
1342 3159 1347 3168 -

296 3312 298 3316 ,
858 3237 950 3316 Quae
974 3237 1056 3302 haec
1080 3238 1128 3301 est
1152 3233 1286 3300 fabula?
1348 3296 1350 3301 ,

267 3355 348 3419 on.
388 3352 546 3420 ‘Etiamne
582 3357 712 3438 aperis?
748 3355 952 3421 Callidamati
977 3355 1088 3420 nostro
1112 3356 1287 3420 advorsum

1125 3494 1282 3539 venimus.

266 3592 366 3656 Poen.
402 3593 558 3658 1:3:nr
584 3593 664 3677 (439
691 3613 730 3657 ex
755 3613 815 3656 rec.
842 3592 1012 3676 Ussingii):

258 3711 317 3775 Ac.
351 3708 517 3788 Quantum
553 3711 730 3776 Acherunti
764 3714 811 3776 est
835 3713 1049 3777 mortuorum.
1076 3712 1191 3776 Mrnru.
1216 3711 1284 3776 uti-

242 3829 245 3837 '
1070 3849 1166 3895 amne
1191 3829 1284 3895 abis?

220 4011 430 4021 ————.

256 4113 272 4168 'l
292 4111 386 4167 Paullo
404 4112 514 4169 liberius
533 4116 659 4187 Berqlim
676 4114 702 4168 in
721 4114 785 4187 phil.
804 4115 924 4187 Gotting.
944 4115 1033 4171 XVII.

254 4209 278 4258 S.
299 4207 387 4263 Etiam
416 4208 482 4264 dicis
511 4208 572 4283 [mi]
599 4209 737 4266 ulmitriba
761 4210 813 4265 tn?
843 4213 872 4266 Ρ.
904 4212 948 4266 ubi
968 4212 1016 4273 sic,
1037 4212 1168 4278 ventiles,
1185 4211 1282 4272 nescio.
1305 4269 1307 4273 ,
