3046 4966
734 565 774 627 19

222 755 285 819 Pro
323 754 414 822 Certo
449 757 577 838 legatur
598 758 709 820 immo:
734 758 835 821 immo
860 758 886 820 is
910 758 1043 840 quidem
1068 755 1209 836 nihilist,
1233 760 1289 841 qui

223 874 390 941 nilamat.
417 875 462 941 Cf.
494 876 587 940 Asin:
613 875 680 939 616
715 873 937 960 (3ε3εΞ6);’
1055 876 1058 884 ’

270 993 321 1057 Lc.
357 994 549 1074 OLibane,
576 995 612 1058 ut
636 995 732 1059 miser
756 992 812 1077 [is]
837 996 887 1059 e‘st
910 996 1008 1059 homo
1034 996 1090 1078 qui
1116 997 1215 1060 amat.
1241 996 1289 1060 Lr.

953 1115 1057 1178 Immo
1082 1115 1189 1178 hercle
1218 1134 1298 1178 vero·

163 1268 165 1273 >
271 1232 334 1311 Qui
364 1230 484 1315 pendet
507 1232 643 1298 multost
666 1234 830 1297 miserior:
856 1233 929 1297 Scio
955 1238 1012 1316 qui
1037 1233 1193 1316 periclum
1221 1233 1292 1298 ieci.

144 1447 150 1460 „
279 1471 341 1534 187
367 1469 543 1554 (2:225).
568 1471 606 1536 R.
629 1472 689 1535 hos
714 1490 825 1534 versus
848 1472 894 1534 sic
918 1471 1018 1552 legit:

275 1587 313 1651 T.
337 1587 522 1671 liquidem,
547 1590 574 1653 si
598 1590 660 1654 scis
684 1591 768 1664 tute,
796 1591 877 1672 quot
903 1589 1000 1653 hodie
1024 1589 1145 1652 habeas
1171 1589 1291 1669 digitos
1361 1604 1365 1611 ·

1127 1710 1161 1770 in
1184 1726 1296 1786 manu,

264 1802 375 1907 ¹’Egon
411 1827 486 1891 dem
521 1829 638 1910 pignus
674 1830 805 1893 tecum?
837 1827 872 1891 Ρ.
899 1828 1064 1891 Audacter
1100 1829 1127 1888 si
1152 1825 1297 1890 lubidost

1153 1945 1298 2028 perdere.

212 2107 215 2114 ·
276 2064 460 2148 Spelaeum
478 2064 530 2148 (T.
544 2065 685 2130 Maccius
698 2066 842 2130 Plautus.
861 2065 974 2144 Kritik,
989 2064 1158 2140 Prosodie‚
1173 2061 1298 2147 lletrik)
1401 2100 1405 2106 ·
1504 2052 1505 2056 Ἰ

233 2203 284 2265 pg.
320 2185 362 2247 38
389 2185 450 2249 hos
474 2204 586 2249 versus
610 2185 728 2249 tractat
751 2186 784 2249 et
807 2183 906 2249 aliam
934 2183 1107 2247 lectionem
1134 2185 1297 2266 proponit.

234 2301 399 2367 Hactenus
443 2302 606 2388 Spcnpelio
644 2304 804 2368 assentior
846 2303 936 2386 quod
984 2302 1107 2368 natura
1147 2302 1299 2367 vocabuli

100 2437 102 2443 '
232 2422 370 2504 equidem
396 2425 555 2505 repugnet
577 2423 839 2518 interrogationi:
867 2424 1012 2489 ceterum
1038 2424 1149 2488 omnia
1169 2424 1303 2489 rectese

234 2542 357 2606 habent
378 2546 405 2605 si
430 2542 557 2624 plenius
581 2530 940 2625 interpungimus'post
962 2565 1082 2609 monn:
1107 2544 1183 2608 huic
1197 2544 1303 2609 versui

235 2681 274 2726 ex
301 2662 515 2744 praecedente
539 2661 727 2726 addendum
751 2662 800 2725 est
822 2661 881 2726 do:
901 2663 1001 2727 rerba
1016 2682 1128 2728 versus
1137 2662 1305 2745 sequentis

241 2777 370 2864 „ego(n)
396 2779 471 2843 dem
494 2781 611 2862 pignus
643 2781 750 2844 tecum
760 2779 792 2842 ?”
805 2780 1093 2862 interrogationem
1107 2801 1184 2846 oum
1197 2781 1306 2862 indig-

198 2951 200 2958 .
237 2899 369 2963 natione
394 2898 577 2962 continent:

283 3016 343 3081 To.
368 3015 551 3098 liquidem,
583 3016 694 3079 sisois
719 3017 805 3094 trite,
830 3021 912 3099 quot
936 3019 1060 3084 habeas
1076 3022 1175 3085 hodie
1189 3019 1306 3100 digitos

790 3147 793 3155 '
1131 3142 1165 3203 in
1189 3158 1305 3215 manu;

283 3254 412 3341 'ilgo(n)
437 3255 512 3319 dem
536 3254 653 3336 pignus
678 3240 807 3317 tecum?
833 3255 889 3318 Pa.
916 3256 1080 3320 Audacter
1110 3260 1138 3319 si
1160 3256 1306 3324 lubidost

592 3371 596 3379 ’
1162 3376 1306 3457 perdere.

239 3494 374 3561 Toxilus
408 3494 488 3557 haec
522 3493 607 3575 ruit:
633 3493 762 3557 tantum
801 3491 894 3555 abest
934 3495 968 3556 ut
1005 3493 1083 3556 mihi
1101 3490 1305 3574 ⁴persuadere

240 3614 342 3695 possis
376 3614 408 3676 te
448 3612 559 3675 omnia
591 3611 775 3675 meminisse
804 3615 901 3674 utne
925 3612 1043 3693 pignus
1068 3611 1146 3675 dare
1170 3612 1303 3694 quidem

240 3734 349 3796 tecum
371 3733 406 3796 in
431 3733 515 3816 hanc
535 3749 604 3794 rem
628 3730 740 3794 velim:
772 3732 807 3792 tu
831 3731 943 3794 autem
978 3729 1067 3792 tanta
1085 3747 1119 3791 es
1131 3728 1310 3792 stoliditate

242 3854 278 3916 ut
312 3852 392 3915 mibi
426 3868 619 3933 persuasum
642 3849 699 3919 sit.
723 3846 771 3932 (et
794 3848 827 3911 in
849 3849 933 3912 hanc
957 3867 1025 3911 rem
1049 3848 1168 3929 pignus
1194 3849 1303 3912 tecum

242 3972 320 4036 darc
343 3970 450 4052 velim)
476 3971 508 4034 te
531 3970 629 4033 etiam
653 3968 775 4031 nescire
787 3968 869 4049 quot
880 3967 996 4048 digitos
1008 3965 1130 4030 habeas
1143 3967 1177 4029 in
1192 3985 1302 4029 manu.

243 4091 330 4155 Tum
363 4089 559 4170 Paegnium:
602 4088 629 4151 si
664 4086 784 4164 audeS‚
808 4087 926 4169 pignus
950 4086 992 4149 da
1016 4071 1160 4149 mecum:
1189 4104 1301 4150 verum

246 4211 280 4272 tu
307 4207 432 4290 perdes.
