3046 4966
720 449 780 548 'rc

270 681 365 745 Sorn.
403 679 451 742 Ne
486 679 548 742 hoc
583 678 763 761 quoiquam
799 677 922 741 homini
951 672 1153 760 (e)dioerem,
1178 692 1293 739 omnes

256 887 259 891 ἦ
683 850 686 857 .
714 795 797 859 muti
821 791 1118 880 ut(e)loquerentur
1141 794 1229 876 prins
1253 788 1291 877 ¹).

273 919 350 982 Mihi
374 916 549 980 edietumst
572 920 777 997 magnopere.
806 914 862 977 Pe.
888 913 929 977 nt
951 913 1030 976 mihi
1054 916 1096 976 ne‘
1113 911 1293 994 quoiquam

856 1068 860 1077 ·
966 1030 1091 1095 homini
1116 1030 1289 1095 crederem.

270 1153 403 1219 'Omne‘s
422 1154 505 1218 muti
529 1155 577 1218 uti
600 1152 812 1234 loquerentur
837 1153 927 1233 prius
953 1149 1032 1224 hoe,
1059 1168 1159 1231 quarn
1173 1168 1288 1230 ego.-

271 1391 337 1456 443
375 1388 564 1476 (ΜεθῙ)
602 1391 642 1454 R.
682 1391 760 1455 Fide
798 1389 875 1453 data
911 1387 1094 1452 credamus,
1128 1387 1164 1450 P.
1191 1385 1290 1449 Novi:

294 1510 296 1513 ’
465 1512 468 1517 ’
757 1508 883 1573 'Omne's
907 1507 985 1570 sunt
1008 1507 1102 1570 lenae
1130 1504 1290 1568 le'vifidae.

201 1628 307 1693 ·Nihil
331 1627 482 1712 prohibet
505 1628 680 1710 quominus
705 1626 792 1690 hune
821 1645 949 1690 versum
978 1644 1080 1707 aeque
1106 1643 1143 1689 ao
1160 1642 1292 1707 praece·

224 1746 337 1811 dentes
359 1747 393 1809 in
418 1745 620 1809 trochaicum
644 1746 786 1809 metrum
813 1743 1038 1809 conferamus:
1074 1794 1083 1833 ἢ

269 1865 348 1928 Fide
371 1864 449 1928 data
462 1863 642 1929 credamus.
661 1863 696 1927 Ρ.
717 1862 799 1928 Nori
812 1867 926 1926 omnes
937 1863 1015 1927 sunt
1027 1863 1121 1926 lenae
1134 1862 1289 1926 lerifidae.

223 1984 269 2047 De
305 1983 506 2064 correptione
545 1981 678 2046 ultimae
714 1981 859 2065 syllabae
896 1981 1045 2045 vocabuli
1067 1981 1139 2063 (ide,
1160 1981 1198 2044 ef.
1217 1979 1291 2045 Mil.

224 2122 268 2166 vs.
298 2103 395 2167 1357.
424 2100 460 2186 (4
475 2120 482 2164 :
497 2103 517 2165 8
532 2122 538 2165 :
555 2099 613 2187 59)
640 2121 679 2166 ex
704 2087 892 2166 recensione
916 2100 1079 2164 Lorenzii:

269 2222 386 2286 Dicant
407 2221 438 2284 te
463 2221 655 2287 mendacem
679 2240 738 2284 nec
756 2238 869 2284 verum
883 2223 962 2296 esse,
977 2218 1042 2282 fide
1056 2218 1148 2283 nulla
1162 2223 1231 2282 esse
1244 2220 1292 2297 te,

225 2342 257 2404 et
301 2340 547 2405 adnotationem
595 2339 740 2402 eiusdem
788 2338 821 2401 in
869 2342 1003 2400 versum-
1036 2338 1102 2401 940
1149 2338 1293 2402 eiusdem

225 2457 355 2522 tabulae
380 2459 417 2541 ²).

271 2693 338 2757 ull
376 2692 489 2778 (Νι
507 2691 577 2778 64).
615 2694 655 2757 R.
694 2691 807 2774 Neque
845 2692 983 2775 tippulai
1020 2694 1122 2759 levius
1150 2695 1295 2777 pondust

904 2815 1003 2893 qnam
1028 2813 1110 2876 fides
1133 2814 1292 2878 lenoniae.

270 2929 449 2996 Gronovius
484 2928 662 3010 genitivum
698 2927 839 3010 tippulae
873 2929 982 3004 habet,
1022 2950 1122 3013 quarn
1155 2931 1293 2997 formam

210 3044 300 3112 ¹item
340 3047 456 3112 Festus
476 3026 597 3112 'Paulli
625 3068 655 3129 p.
684 3047 751 3111 366
776 3047 886 3112 attulit
912 3046 1059 3133 (auctore
1083 3049 1292 3136 Ritschelio);

222 3184 288 3247 qua
311 3165 416 3229 forma
436 3167 585 3258 restituta
610 3185 722 3230 versus
746 3139 930 3231 trochaicus
955 3143 1081 3231 evadit:

270 3283 383 3366 Neque
418 3285 564 3366 tippulae
598 3284 700 3348 levius
737 3284 881 3366 pondust
904 3289 1005 3368 quarn
1028 3285 1110 3350 fides
1134 3287 1293 3352 lenoniae.

222 3399 316 3478 Quod
364 3403 480 3467 attinet
515 3403 555 3466 ad
593 3403 864 3484 significationem
896 3404 1038 3486 tippulae
1073 3404 1112 3468 ol.
1151 3406 1293 3500 Nonium

223 3539 255 3602 p.
282 3520 367 3583 180:
386 3520 437 3582 10.
493 3521 671 3603 „Tippulat
698 3521 821 3586 animal
846 3521 1063 3598 levissimum,
1087 3525 1174 3607 quod
1192 3546 1295 3609 aquas

261 3854 280 3914 ¹)
300 3848 413 3918 taupen:
441 3853 472 3902 ut
501 3848 705 3920 eloquerentur:
733 3852 813 3923 (loqui
838 3853 887 3907 mit
912 3853 971 3908 dem
990 3853 1081 3908 lnhalt
1098 3852 1145 3907 der
1163 3854 1237 3908 Rede
1255 3856 1294 3908 als

223 3943 275 3999 obi.
306 3942 403 4015 jedoeh
436 3942 484 3998 init
505 3944 667 4000 Auesehluss
695 3949 741 4001 der
769 3948 1010 4020 Nebenbedeuting
1040 3948 1088 4003 der
1118 3949 1294 4020 Mittheilung

224 4036 307 4093 findet
325 4038 381 4094 sich
399 4056 483 4110 gagen
501 4041 688 4112 neunzigmal.)

262 4136 281 4186 ²l
300 4133 341 4187 uf.
369 4133 465 4190 Miiller
483 4135 570 4191 Plaut.
590 4136 725 4192 Prosodic.
746 4156 788 4210 pg.
812 4138 863 4194 ³01.
881 4139 951 4195 Item
970 4143 1099 4196 Bicteter.
1119 4141 1192 4198 Dcol.
1209 4160 1235 4213 p.
1251 4144 1293 4196 49.
