3046 4966
732 501 832 584 78γ

221 713 319 776 verba
353 711 459 776 Toxili
495 710 577 798 760)
614 732 714 795 opera
745 712 825 775 haec
845 710 926 774 mihi
950 709 1056 773 facilia
1081 708 1169 774 factu
1201 708 1291 773 iacta

223 832 322 899 „sunt
344 850 429 913 quae
452 831 539 895 volui
560 831 693 914 ecfieri'?
709 849 791 913 quos
805 829 1005 893 hancobrem
1025 829 1149 892 ‚omnis
1162 827 1292 891 hilaros

227 949 386 1015 ‚lubenlis
426 922 632 1016 laetificantis
668 949 786 1015 faciam
820 949 857 1012 ut
892 946 1006 1012 fiant.'’
1047 983 1091 1024 ÷
1124 945 1292 1029 Opiparae

221 1088 343 1134 coenae
373 1069 474 1152 ipsius
498 1089 571 1151 spes
595 1088 746 1134 voracem
771 1068 864 1132 illum
887 1068 1055 1131 hominem
1079 1065 1226 1130 moverat
1252 1066 1293 1129 ut

222 1187 324 1252 filiam
359 1208 453 1253 suam
487 1189 638 1253 mutuam
674 1187 784 1252 daret:
823 1206 881 1250 cur
900 1200 1003 1250 ¹nune
1027 1185 1172 1268 praemio
1205 1184 1292 1249 tanti

222 1308 332 1389 empto
356 1305 487 1372 careat?
535 1307 648 1390 Neque
672 1325 748 1370 eum
777 1304 921 1387 pudebat
952 1305 1062 1368 cibum
1089 1324 1106 1368 e
1135 1302 1292 1368 manibus

223 1426 306 1490 servi
341 1427 496 1508 accipere,
536 1427 574 1491 ut
608 1425 777 1509 perspicue
798 1426 938 1489 vidimus
960 1443 1058 1489 scena
1079 1424 1174 1488 tertia
1196 1425 1293 1488 actus

223 1545 328 1626 primi,
358 1545 413 1609 ubi
437 1545 588 1609 Toxilum
612 1544 751 1609 mendici
775 1544 846 1608 loco
871 1543 1024 1625 reliquias
1047 1543 1236 1624 flagitabat.¹

223 1662 342 1727 Versus
367 1664 463 1727 huius
487 1684 603 1729 scenae
627 1663 832 1745 potissimum
859 1663 1045 1728 offendunt:

272 1783 350 1845 753.
376 1780 532 1848 Hostibus
559 1784 663 1861 victis,
690 1782 814 1847 civibus
837 1782 951 1862 salvis,
977 1782 1175 1865 replenda,
1201 1780 1295 1862 paci-

1047 1901 1109 1964 bus
1132 1898 1291 1981 perfectis.

228 2019 287 2082 Hic
327 2039 437 2084 versus
473 2021 584 2086 multis
620 2021 797 2106 displicuit:
835 2021 1025 2103 praesertim
1051 2017 1177 2102 plurale
1196 2035 1295 2099 paces

227 2138 320 2202 valde
344 2139 496 2217 offendit;
521 2141 596 2204 licet
619 2140 684 2204 alia
707 2141 846 2223 pluralia
870 2139 989 2204 collata
1012 2135 1155 2220 sint(Cl.
1173 2137 1296 2201 Loren-

225 2258 310 2322 cium
323 2259 432 2322 adnot.
447 2260 480 2322 in
494 2259 588 2334 Most,
614 2260 656 2323 ⁶2:
675 2261 689 2323 1
707 2281 715 2321 z
732 2261 746 2323 1
767 2277 806 2312 =
819 2257 912 2344 334),
931 2257 1056 2339 plurale
1063 2244 1160 2339 paces
1176 2274 1296 2339 parum

227 2377 351 2459 placet,
387 2398 454 2442 non
478 2379 557 2460 quia
580 2378 714 2460 pluralis
737 2398 804 2442 non
829 2380 931 2443 exstet
955 2376 1007 2461 (cf.
1033 2376 1124 2440 Neue
1150 2375 1174 2439 Ι.
1200 2370 1296 2460 dal),

228 2496 285 2559 sed
313 2496 473 2579 pluralem
508 2497 670 2561 sententia
705 2517 772 2561 non
796 2497 954 2561 admittit:
988 2496 1044 2578 qui
1069 2495 1156 2559 enim
1180 2496 1297 2559 trium-

229 2617 335 2696 phans
370 2618 401 2680 et
438 2616 620 2698 tripudians
656 2637 673 2680 e
706 2616 790 2680 bello
827 2616 910 2680 redit
941 2634 1007 2679 non
1027 2633 1123 2696 paces
1147 2610 1296 2676 confecit.

229 2735 414 2818 Lunpeoius
449 2734 493 2799 l.l.
524 2755 596 2818 pag.
627 2735 690 2799 106
716 2736 828 2799 monet
850 2734 1006 2823 Plautum
1029 2751 1194 2814 nusquam
1218 2729 1297 2794 alibi

229 2853 349 2917 habere
378 2873 487 2935 pacem
504 2854 672 2941 perficere,
697 2854 754 2917 sed
777 2854 898 2934 fucere,
928 2853 1026 2917 semel
1059 2852 1189 2916 tantum
1214 2869 1297 2914 com-

225 2992 343 3054 ponere
365 2971 474 3056 (Mero.
505 2973 596 3054 953).
623 2970 650 3058 ¹)

278 3091 537 3155 Admirationem
582 3091 750 3174 quandam
785 3092 919 3155 movent
953 3091 1015 3155 isla
1051 3089 1157 3154 Toxili
1190 3088 1296 3152 dicta:

225 3210 397 3292 participes
433 3209 512 3292 (757
550 3212 583 3274 et
619 3190 851 3292 walcones
880 3207 999 3296 (760),
1026 3229 1158 3291 quorum
1188 3227 1301 3290 opero,

231 3348 307 3393 cum
343 3347 469 3402 eorum·
503 3328 559 3410 qui
595 3328 710 3392 Toxilo
747 3347 842 3410 opem
875 3328 1029 3407 tulerunt,
1063 3346 1147 3392 unus
1172 3327 1303 3390 tantum

233 3449 409 3530 Sagaristio
432 3449 467 3512 in
492 3467 589 3512 scena
614 3449 665 3511 sit.

280 3568 325 3631 De
339 3587 369 3631 v.
384 3568 449 3632 767
469 3567 566 3632 »cedo
578 3587 691 3651 parem
703 3580 801 3649 quem
813 3565 949 3648 pepigi'',
963 3566 1036 3629 vide
1048 3584 1158 3648 supra,
1175 3582 1225 3648 pg.
1242 3563 1300 3628 54.
1410 3656 1413 3663 Ι

272 3807 290 3865 Ι)
307 3799 435 3869 barpanio
460 3796 550 3869 aliqua
574 3795 705 3851 dubitatio
733 3800 791 3864 orta
808 3812 865 3850 esse
884 3795 989 3851 videtur
1008 3794 1040 3850 dc
1058 3794 1214 3865 integritate
1232 3793 1305 3849 initii

236 3894 315 3949 buius
341 3911 442 3948 scenae.
479 3893 578 3948 Scribit
598 3892 683 3946 enim:
705 3891 787 3957 ,doch
805 3892 910 3947 mdchte
929 3892 973 3947 ich
993 3891 1150 3957 bemerkcn,
1168 3890 1228 3945 dass
1248 3889 1307 3944 siob
1340 3921 1343 3926 -

240 3988 393 4044 rinhaltlich
409 3988 456 4044 der
474 3993 544 4044 erote
567 3988 632 4043 Vera
651 3987 700 4042 mit
718 3987 777 4068 dem
794 3991 904 4043 zweiten
919 3985 1308 4058 volstiindigdeclrtthostibus

240 4085 333 4140 evictis
353 4109 381 4134 =
400 4104 428 4141 rc
454 4086 530 4154 benc·
547 4089 634 4156 gesta,
658 4085 761 4140 civibus
778 4084 858 4140 salvis
879 4106 907 4132 =
928 4085 1034 4154 integro
1053 4082 1171 4139 exercitu
1190 4086 1217 4137 et
1234 4099 1308 4154 prae·

241 4182 342 4245 auidiis,
362 4202 390 4238 re
410 4181 513 4254 placida
530 4182 639 4253 pacibus
656 4181 781 4252 perlectis
804 4206 831 4232 =
854 4180 923 4235 bello
944 4179 1088 4235 extincto.'’
