3046 4966
751 567 769 629 3

213 759 392 840 ⁴disputare
426 759 562 822 missum
599 758 691 822 facio.
719 761 741 842 ¹)
787 759 932 824 Tantum
957 761 1037 824 haec
1061 760 1173 824 addita
1198 762 1287 824 volo:

272 879 315 942 36
352 880 385 943 et
420 879 477 943 tl:
504 877 588 945 Cum
612 879 657 942 eis
685 877 884 960 belligerem,
911 879 1032 960 quibus
1055 876 1105 943 sat
1130 885 1200 942 es'se
1225 899 1290 942 nun

411 1075 414 1083 Ι
1159 1017 1290 1080 queam.

271 1115 439 1211 Sententia
469 1135 535 1179 non
559 1120 610 1180 sut
632 1135 700 1180 csse
720 1134 906 1197 verumpar
917 1116 1160 1198 essepostulat:
1175 1136 1292 1198 quarn-

224 1233 337 1297 obrem
359 1234 500 1316 legatur:
527 1235 647 1316 qulbus
670 1253 731 1316 par
755 1253 822 1298 esse
847 1253 915 1298 non
938 1253 1067 1316 queam.

168 1366 170 1369 ·
271 1353 312 1416 33
338 1353 371 1416 et
396 1353 439 1416 34
475 1352 567 1416 facile
587 1352 741 1417 trochaici
765 1354 810 1416 sic
837 1353 1011 1434 leguntur:

273 1472 325 1534 31.
389 1455 405 1504 7
662 1471 716 1536 Su.
741 1472 827 1547 Vah,
854 1472 920 1535 iam
948 1471 1101 1552 scapulae
1126 1471 1289 1552 pruriunt.

273 1590 327 1653 32.
352 1589 436 1667 Quia
461 1591 491 1653 le
514 1589 614 1654 istaec
638 1591 747 1654 audivi
771 1591 869 1673 loqui.
911 1590 949 1654 T.
976 1590 1033 1653 Set
1045 1590 1106 1653 hec
1119 1609 1172 1652 me
1184 1608 1289 1654 unum

344 1695 347 1699 ’
855 1709 1027 1774 excruciat.
1052 1708 1085 1772 S.
1111 1707 1197 1785 Quid
1217 1697 1300 1771 est?

275 1827 328 1891 33.
353 1826 390 1891 T.
411 1825 498 1891 Haec
522 1827 591 1892 dies
612 1847 740 1893 summa
760 1813 904 1903 hddlest,
936 1846 1008 1891 mea
1032 1827 1075 1891 mi
1089 1829 1194 1890 amica
1206 1827 1290 1891 sitne

1083 1944 1186 2009 libera
1210 1965 1253 2008 an
1267 1941 1292 2028 ²)

274 2066 328 2131 34.
353 2067 590 2148 Sempiternam
623 2065 812 2129 servitutem
836 2065 963 2128 serviat
1012 2065 1065 2129 Sa.
1091 2064 1177 2142 Quid
1202 2067 1291 2127 nunc

317 2189 320 2198 ⁸
1077 2184 1124 2247 vis
1148 2185 1249 2264 ergo?
1262 2180 1288 2266 ³)

198 2323 203 2333 ·
272 2304 416 2368 Tantum
451 2301 527 2384 quid
562 2306 607 2366 est
629 2303 769 2382 mutavi,
796 2322 856 2384 pro
879 2322 945 2384 quo
970 2302 1043 2367 libri
1068 2302 1191 2367 habent
1215 2301 1292 2384 quid

223 2442 300 2486 nam
317 2421 352 2485 ta
375 2420 448 2486 est?
472 2419 521 2485 cf.
546 2419 676 2485 Cureul.
702 2421 757 2498 61,
784 2422 846 2485 er:
1016 2396 1019 2402 Ι

272 2540 333 2604 Tu.
358 2540 395 2603 Id
417 2544 455 2603 ed
480 2539 533 2618 fit,
558 2539 636 2621 quia
659 2540 730 2603 istic
753 2538 828 2603 le'no
852 2541 1004 2621 aegrotus
1029 2539 1172 2606 incubat.

261 2782 279 2839 ¹)
296 2776 404 2847 Siquam
430 2773 554 2828 versiculi
581 2773 614 2828 37
634 2777 662 2827 et
680 2773 713 2826 33
729 2780 772 2838 (ex
790 2791 841 2828 rec.
861 2773 896 2836 R)
914 2772 1064 2838 offendant,
1084 2759 1183 2842 cogitet
1202 2789 1289 2827 annon

224 2890 315 2927 versus
332 2870 519 2943 praecedentes
533 2869 604 2923 notis
621 2868 663 2923 vel
682 2869 850 2940 glossematis
868 2869 1017 2940 perturbari
1039 2869 1185 2940 potuerint,
1206 2886 1289 2940 eoque

225 2968 303 3024 modu
320 2967 461 3038 legendum
479 2967 532 3032 sit,
550 2965 655 3019 omissis
676 2964 850 3019 hemistichiis
870 2963 950 3035 ,quid
967 2981 1016 3035 ego
1035 2963 1147 3018 faciam’'
1172 2969 1199 3018 et
1213 2981 1288 3023 ,cum
1381 2982 1386 2991 ·

224 3065 263 3118 eis
281 3063 450 3135 belligerem''
470 3066 531 3117 ante
553 3060 680 3133 „quibus”
700 3060 846 3131 inpriore:

260 3159 358 3216 Delsne
375 3159 512 3224 adverset,
530 3156 606 3229 quisi
622 3156 712 3212 Titani
729 3156 826 3228 quibus
844 3159 885 3210 sat
901 3174 959 3211 esse
978 3156 1030 3211 u6n
1052 3157 1172 3228 queam?

198 3261 201 3266 '
224 3257 257 3311 ln
275 3257 359 3313 altero
376 3255 490 3320 (omissis
511 3256 579 3318 ,hoc
595 3253 684 3309 triduo
703 3259 750 3309 aut
767 3251 960 3325 quadriduo'’):

250 3348 302 3412 37.
317 3351 391 3422 Qu6s
409 3351 535 3406 continuo
552 3349 604 3405 tibi
620 3368 760 3423 reponam:
780 3347 869 3421 agell
887 3331 1034 3418 benignus:
1055 3349 1174 3404 sibveui.

259 3454 278 3514 2)
301 3447 332 3503 G.
365 3446 395 3517 F.
428 3446 472 3502 W.
506 3445 637 3502 Miiller
667 3445 860 3512 (Plautinischc
892 3445 1028 3519 Prosodie.
1058 3444 1158 3500 Berlin.
1196 3445 1285 3508 1869).
1329 3493 1334 3505 ,

224 3560 268 3615 pg.
294 3543 357 3609 711,
388 3543 442 3598 sic:
471 3541 546 3597 Htec
571 3540 628 3596 dies
654 3559 756 3596 summa
772 3540 894 3606 nouisse,
913 3559 971 3595 mea
988 3541 1075 3595 amica
1094 3540 1163 3595 sitne
1182 3558 1214 3594 an
1234 3558 1286 3594 non

224 3639 260 3694 sit
278 3637 371 3694 libera.

259 3737 278 3800 3)
296 3734 403 3790 Ritschl
419 3734 471 3799 sic,
489 3733 584 3788 deletis
601 3751 631 3787 vs
648 3733 682 3787 33
700 3751 752 3798 me,
773 3750 802 3787 vs
819 3733 853 3787 34
870 3751 938 3789 nunc
957 3735 1010 3788 ais:

260 3831 302 3885 31.
766 3828 829 3883 Suc.
849 3828 923 3894 vah,
941 3829 994 3883 iam
1012 3829 1134 3901 scapulae
1155 3830 1286 3901 pruriunt.

260 3925 300 3978 33.
319 3923 388 3992 Quia
405 3929 433 3978 te
450 3922 533 3978 istaec
551 3922 640 3977 audivi
657 3922 739 3994 loqui.
757 3928 795 3976 To
815 3923 1162 3980 sethocrinumcxcruciat.
1174 3924 1287 3993 S.Quid.

925 4028 928 4032 ’
1103 4037 1164 4074 nam
1181 4019 1207 4074 id
1227 4021 1288 4074 est?

260 4117 302 4171 33.
321 4116 395 4171 Haec
416 4116 472 4171 dies
489 4134 592 4170 summa
608 4115 728 4182 helien,
747 4101 805 4170 mea
824 4116 858 4170 mi
876 4115 961 4170 amica
981 4118 1016 4171 sit
1038 4135 1071 4170 ue
1093 4116 1182 4171 libera.

260 4211 302 4263 33,
322 4215 364 4265 An
383 4211 568 4283 sempiternam
589 4218 633 4266 cet.
