3046 4966
739 561 782 625 75

226 752 399 817 Saturione
429 754 464 818 in
488 753 538 819 ius
562 752 731 819 ambulare
755 754 897 818 iubetur.
946 753 1038 818 Haec
1062 755 1173 819 omnia
1196 756 1291 836 quat·

225 872 406 937 tuordeoim
431 873 560 937 tantum
584 873 733 938 uersibus
757 873 975 938 continentur.

227 991 297 1055 lam
320 992 431 1055 statim
455 992 495 1056 ad
522 992 663 1073 priorem
688 993 817 1081 partem
844 991 993 1055 animum
1018 991 1243 1056 attendamus:

236 1190 240 1201 Ι
274 1111 349 1176 738.
389 1111 462 1176 Sur.
499 1110 566 1175 Nisi
607 1113 666 1191 ego
702 1111 802 1175 illunc
844 1111 1011 1175 hominem
1047 1111 1167 1193 perdo,
1200 1112 1290 1194 perii.

361 1216 364 1223 ’
1036 1231 1135 1312 atque
1159 1231 1293 1312 optume

267 1348 392 1414 *Eccum
416 1351 524 1430 ipsum
547 1349 625 1412 ante
649 1349 745 1413 aedis.
773 1349 809 1413 V.
836 1348 931 1412 Salve
956 1347 1098 1413 multum
1127 1352 1173 1415 mi
1189 1351 1290 1431 pater.

272 1466 346 1537 Sar.
372 1465 487 1545 Salve,
512 1485 586 1530 mea
611 1469 719 1547 gnata.
769 1466 870 1531 Dono.
895 1465 943 1547 lli,
969 1467 1069 1532 Persa
1093 1487 1146 1531 me
1162 1469 1294 1549 pessum

311 1590 312 1594 ’
1194 1587 1291 1652 dedit.

272 1706 309 1770 V.
333 1705 433 1771 Pater
457 1703 509 1768 hic
540 1706 657 1768 meust.
683 1703 915 1782 Donuflem,
941 1706 1045 1787 quid?
1073 1707 1191 1788 pater?
1214 1706 1294 1788 perii

1062 1815 1064 1819 ’
1162 1825 1293 1907 oppido.

271 1943 358 2022 Quid
383 1962 443 2024 ego
466 1943 564 2022 igitur
592 1960 682 2006 cesso
706 1939 817 2005 infelix
840 1942 1049 2006 lamentarier

272 2064 377 2128 Minas
401 2061 590 2142 sexaginta?
615 2060 688 2124 Sar.
715 2047 783 2142 Ego
807 2061 862 2142 pol
887 2062 919 2125 te
943 2061 1070 2137 faciam,
1096 2063 1211 2140 scelus,

273 2182 322 2245 Te
356 2185 488 2264 quoque
515 2180 613 2243 etiam
636 2179 744 2261 ipsum
769 2181 806 2244 ut
829 2179 1025 2243 lamenteris.
1051 2181 1151 2245 Dono.
1178 2181 1291 2246 occidi.

225 2302 335 2367 Primo
370 2302 437 2364 iam
468 2299 601 2381 aspectu
625 2298 843 2380 intellegimus
867 2299 952 2364 hanc
976 2319 1109 2364 scenam
1133 2302 1294 2382 integram

225 2441 293 2485 non
318 2439 397 2499 esse,
414 2437 473 2483 nec
490 2438 576 2502 quae
592 2438 612 2482 a
628 2417 748 2483 Plauto
760 2419 918 2498 originem
931 2420 1077 2501 accipere
1091 2420 1149 2484 tali
1160 2420 1293 2502 quidem

224 2540 328 2604 forma
376 2539 525 2620 potuerit
576 2535 653 2603 Non
688 2539 828 2621 amplius
864 2541 912 2604 est
947 2559 1048 2622 quam
1083 2539 1293 2607 adumbratio

224 2677 341 2723 scenae
364 2675 449 2739 quae
473 2656 588 2738 procul
612 2656 712 2721 dubio
724 2657 820 2738 longe
832 2658 896 2722 alia
908 2658 977 2722 fuit.
997 2695 1042 2706 —
1059 2657 1193 2736 Quanta
1206 2659 1293 2721 enim

225 2777 387 2842 festinatio
413 2776 461 2839 est
484 2793 550 2857 qua
574 2776 684 2839 omnia
708 2764 828 2840 in‘hac
853 2796 951 2841 scena
974 2775 1077 2842 fiuntl
1103 2777 1234 2841 Saturio
1259 2778 1292 2840 in

225 2915 356 2961 scenam
392 2893 518 2976 prodit:
553 2893 643 2974 virgo
667 2894 746 2957 nihil
771 2895 833 2959 nisi
862 2894 976 2959 „Salve
1000 2894 1161 2961 multum''
1187 2896 1293 2978 inquit

227 3016 294 3079 „mi
329 3011 461 3096 pater,’'
496 3012 539 3078 ad
575 3031 675 3094 quam
715 3013 946 3078 salutationem
970 3017 1065 3097 pater
1088 3016 1217 3079 lautum
1242 3034 1293 3078 re·

224 3135 381 3216 spondet:
412 3133 516 3199 „salve
541 3150 614 3196 mea
638 3129 773 3212 gnata;'’
790 3152 879 3197 nunc
896 3135 963 3198 iam
973 3135 1048 3199 leno
1060 3136 1171 3199 omnia
1183 3135 1293 3198 animo

226 3254 369 3337 percepit
405 3254 438 3317 et
467 3253 644 3334 desperans
676 3252 838 3318 exclamat
867 3254 922 3318 „Ei
944 3253 1045 3318 Persa
1069 3273 1122 3317 me
1146 3273 1293 3336 pessum-

226 3370 345 3436 dedit.”
380 3371 511 3452 Virgine
546 3371 716 3452 praeterea
752 3372 893 3436 addente
927 3372 1044 3436 ‚Pater
1068 3372 1120 3437 hic
1145 3367 1291 3446 meust,’'

225 3491 337 3556 statim
360 3491 411 3554 his
434 3489 541 3554 verbis
565 3489 665 3554 fidem
689 3489 789 3555 hahet
813 3491 845 3555 et
869 3510 1003 3572 prorsus
1027 3491 1089 3555 sibi
1100 3510 1293 3573 persuasum

226 3582 326 3673 habet
359 3609 439 3672 haec
475 3609 586 3673 omnia
620 3627 697 3674 vera
734 3628 823 3687 esse,
850 3610 881 3673 et
914 3610 981 3674 iam
1005 3609 1167 3676 exclamat
1193 3612 1293 3693 „perii

226 3727 386 3810 oppido!’'
409 3727 444 3791 Si
467 3727 529 3791 hoc
553 3747 664 3794 revera
680 3729 870 3794 Plautinum
890 3730 983 3808 esset,
1008 3730 1174 3811 ingenium
1186 3730 1294 3794 Plauti
1394 3807 1396 3811 v

226 3844 384 3910 hocloco
410 3845 499 3909 haud
527 3847 620 3912 valde
649 3849 774 3913 niteret.
816 3848 889 3927 Quo
914 3849 1013 3913 modo
1037 3849 1108 3913 fieri
1132 3850 1235 3933 possit
1258 3851 1294 3913 ut

226 3966 300 4046 post
328 3966 478 4030 mutuam
501 3967 734 4032 salutationem
759 3969 889 4033 tantum
913 3966 1034 4033 factam
1058 3967 1144 4030 inter
1167 3968 1294 4047 patrem

227 4084 393 4164 etlilium,
417 4087 502 4169 leno,
528 4087 586 4170 qui
610 4087 740 4168 saepius
764 4087 920 4151 fiduciam
943 4085 992 4149 sui
1016 4085 1122 4150 Toxili
1146 4103 1293 4168 pronun-

228 4205 321 4270 tiavit
357 4207 552 4289 saepiusque
577 4208 605 4272 ei
630 4207 750 4289 gratias
774 4207 856 4291 egit,
882 4225 970 4273 nunc
995 4205 1107 4272 statim
1130 4181 1296 4287 intellegat
