3046 4966
705 544 744 609 71

231 730 340 796 led.
367 731 475 818 (683).
523 735 612 799 Leno
652 735 751 801 domo
790 738 874 803 redii
913 742 946 806 et
986 742 1133 808 debitum
1166 745 1261 810 solvit

186 850 398 932 Sagaristioni
430 854 562 919 iamiam
594 855 743 921 abituro:
782 860 915 938 rogatus
948 862 1059 925 autem
1090 882 1110 927 a
1143 862 1260 929 Toxilo
1359 894 1387 937 ,·

185 971 265 1052 quid
289 973 357 1036 tam
381 977 551 1056 properet,
579 975 754 1058 respondet
781 977 842 1040 sihi
869 979 1037 1059 negotium
1065 999 1152 1044 esse:
1193 983 1261 1064 epi·

187 1089 290 1154 stulas
321 1092 409 1157 enim
441 1093 502 1157 sibi
534 1095 707 1160 mandatas
739 1115 809 1160 esse
832 1114 915 1179 quas
939 1098 1065 1176 reddat,
1090 1101 1261 1181 praeterea

184 1228 218 1272 se
255 1210 416 1275 audivisse
450 1211 584 1277 fratrem
620 1234 718 1279 suum
752 1216 787 1279 in
812 1215 874 1280 hae
899 1216 981 1281 urbe
1004 1218 1133 1298 servire,
1159 1237 1259 1301 quam

184 1327 226 1392 ob
263 1348 331 1393 rem
355 1350 490 1413 operam
518 1333 597 1397 dare
621 1333 698 1399 velit
721 1336 758 1399 ut
782 1354 858 1399 eum
882 1336 1027 1418 requirat
1051 1338 1083 1402 et
1107 1337 1256 1403 redimat.

184 1448 299 1512 Toxilo
323 1449 357 1512 in
375 1452 525 1516 mentem
551 1453 638 1518 venit
662 1473 696 1517 se
720 1456 851 1536 saepius
875 1455 1040 1537 quendam
1066 1456 1259 1538 Sagaristio·

183 1567 234 1632 nis
269 1568 466 1649 persimilem
503 1570 630 1650 vidisse,
667 1573 778 1655 itaque
803 1573 884 1637 scire
908 1575 998 1656 cupit
1021 1575 1110 1656 quod
1139 1595 1260 1640 nomen

184 1686 396 1768 Sagaristioni
432 1689 483 1752 sit.
535 1689 744 1772 Responsum
769 1692 838 1754 eius
862 1693 1123 1773 conglutinatum
1148 1696 1198 1757 est
1221 1713 1261 1756 ex

184 1806 295 1872 multis
317 1808 444 1872 novatis
468 1808 501 1872 et
523 1808 736 1875 multifariam
760 1811 950 1892 compositis
966 1811 1157 1876 nominibus
1173 1830 1260 1894 quae

183 1925 295 1991 festive
334 1947 413 2002 rem,
452 1909 500 1995 nii
523 1931 614 2009 gesta
638 1931 697 2004 est,
723 1928 928 1995 describunt:
955 1950 1021 2013 quo
1045 1929 1133 1996 facto
1157 1931 1260 2012 Saga-

185 2045 276 2110 ristio
300 2047 377 2113 abit.

229 2287 291 2351 IV:
309 2289 340 2352 7.
367 2285 472 2370 (711).
525 2287 613 2351 Tum
645 2253 781 2350 Torilus
812 2287 921 2352 denuo
945 2288 986 2352 de
1010 2307 1110 2370 opera
1134 2309 1194 2353 sua
1218 2290 1261 2354 ad

183 2409 251 2473 tam
286 2407 531 2471 luctificabilem
555 2407 754 2488 emptionem
778 2406 812 2470 in
836 2407 988 2471 lenonem
1008 2404 1183 2488 gloriatur:
1208 2408 1260 2473 hio

183 2529 293 2592 autem
329 2545 540 2610 nequaquam
576 2527 687 2608 quieto
722 2527 833 2591 animo
869 2527 927 2607 est,
965 2528 999 2590 et
1028 2527 1150 2592 indicat
1186 2547 1261 2590 eum

185 2647 241 2729 qui
277 2645 367 2711 illam
392 2646 550 2726 virginem
575 2645 759 2710 vendiderit
782 2645 886 2710 multo
911 2644 1045 2710 meliore
1069 2645 1260 2710 condicione

183 2785 253 2829 esse
288 2784 389 2848 quam
424 2784 476 2844 se,
501 2767 558 2848 qui
582 2765 708 2832 emerit.
756 2765 909 2829 Toxilum
933 2764 1143 2829 simulantem
1167 2766 1261 2847 quasi

183 2904 302 2968 operae
340 2884 507 2967 impensae
532 2903 566 2947 se
597 2884 773 2966 poeniteat,
798 2883 955 2965 quoniam
978 2902 1052 2947 eam
1075 2883 1109 2947 in
1133 2883 1261 2948 irritum

182 3003 334 3069 cecidisse
357 3003 535 3085 intellegat,
562 3002 751 3067 consolatur
774 3000 940 3066 affirmans
964 3022 1040 3067 eum
1065 3003 1178 3086 utique
1199 3022 1260 3086 pro

159 3143 259 3204 vvero
283 3125 389 3189 amieo
413 3143 448 3189 se
472 3123 608 3206 gessisse
631 3122 819 3205 bonamque
842 3140 977 3204 operam
1001 3121 1107 3187 amico
1123 3122 1260 3186 dedisse.

186 3349 362 3416 ,Charekten
381 3348 429 3403 der
449 3366 500 3402 uns
519 3347 561 3403 ein
579 3339 845 3402 hdlreresInteresse
863 3345 1037 3400 einzulldssen
1056 3362 1171 3415 vermag.
1199 3343 1261 3399 Wie

188 3445 379 3516 ‚sindringlioh
406 3444 484 3499 weiss
511 3444 549 3498 sie
576 3442 627 3498 den
653 3441 736 3497 Veter
753 3459 787 3495 zu
804 3441 907 3506 hillen,
926 3458 979 3496 von
997 3427 1098 3495 seinem
1116 3440 1260 3496 Vorheben

188 3542 382 3613 lebeustelren,
401 3539 490 3595 indem
509 3540 548 3594 sie
567 3539 621 3594 ihm
641 3537 687 3593 das
706 3535 893 3609 Sohimpfliohe
903 3536 950 3591 der
958 3536 1043 3592 Saehe
1054 3536 1082 3590 in
1092 3536 1261 3591 mehrfeolren

187 3638 379 3700 ,Varietionen
397 3636 510 3708 derlegt.
529 3635 605 3690 Zwer
623 3653 695 3690 muse
715 3635 754 3690 sie
773 3634 830 3689 sioh
850 3633 1016 3689 eohlieselioh
1033 3631 1260 3687 derVeterliohen

186 3735 343 3798 ,Autoritot
369 3734 459 3805 logon:
491 3732 597 3788 werden
623 3732 672 3787 wir
700 3749 751 3786 nur
778 3730 841 3785 aber
858 3729 973 3801 glauben
992 3728 1052 3783 dees
1073 3729 1112 3783 sie
1130 3727 1196 3782 nach
1214 3726 1261 3782 der

185 3812 417 3894 ‚Verlraufesodne
446 3830 493 3886 auf
519 3829 615 3885 einmal
643 3827 701 3883 eine
726 3826 823 3882 endere
841 3825 982 3897 geworden
1001 3825 1057 3891 sei,
1077 3824 1137 3879 dass
1156 3823 1194 3877 sie
1212 3839 1260 3877 aus

188 3928 249 3984 ader
264 3928 341 3983 Noth
359 3928 418 3983 eine
436 3926 548 3998 Tagend
567 3925 690 3997 gemacht
708 3923 764 3979 und
782 3922 843 3978 dem
860 3921 984 3987 Toxilus,
1005 3939 1053 3976 aus
1070 3921 1164 3975 dessen
1175 3919 1260 3973 Mund

188 4024 242 4085 ,sie
267 4023 342 4096 jedes
370 4023 429 4080 Loh
454 4021 650 4077 zumokueisen
671 4025 773 4075 musste
790 4020 819 4074 in
837 4018 883 4074 der
901 4019 944 4074 bei
963 4016 1260 4087 Danlresbezeugungen

188 4119 326 4181 ,ubliohen
341 4118 540 4174 verbindliehen
561 4117 660 4173 Phrase
679 4115 802 4171 erwidert
819 4116 904 4171 habe:

225 4214 273 4276 ,Si
302 4213 365 4287 quid
394 4213 472 4270 bonis
499 4213 568 4270 Boni
596 4212 641 4278 fit,
669 4230 727 4267 esse
754 4211 824 4267 idem
852 4215 879 4267 et
901 4228 981 4282 grave
1009 4214 1037 4266 et
1054 4213 1160 4281 gratum
1179 4209 1261 4265 solet?
