3046 4966
739 568 782 632 57

227 758 388 821 invenisse
412 759 449 823 ut
480 777 540 822 sua
563 760 701 840 pecunia
727 778 767 823 eo
789 759 860 841 ipso
884 760 937 824 die
961 760 1035 824 leno
1060 760 1149 824 illam
1175 758 1296 846 (Toxili

225 874 379 962 amicam)
416 877 568 942 libertam
592 877 722 944 faceret.
749 878 863 944 Obiter
887 880 1033 944 dicamus
1058 879 1210 943 Toxilum
1234 880 1295 945 hoc

210 993 297 1087 ¹loco
337 995 446 1077 ipsum
484 997 699 1078 pronuntiare
735 1019 769 1063 se
805 1020 925 1065 omnem
961 1020 1028 1064 rem
1051 1000 1226 1064 invenisse:
1254 1019 1295 1062 ne

225 1113 336 1177 muttit
372 1113 506 1196 quidem
543 1113 583 1179 de
610 1116 841 1198 Sagaristiona
868 1138 966 1202 quern
996 1119 1180 1182 adiutorem
1204 1117 1294 1182 able-

224 1232 330 1313 gavit,
367 1252 531 1317 quemque
569 1233 636 1296 tam
672 1235 799 1316 magnis
838 1234 989 1317 precibus
1023 1235 1137 1311 oravit,
1163 1237 1200 1299 ut
1234 1235 1294 1299 sibi

224 1352 395 1432 argentum
421 1351 574 1416 mutuum
598 1355 785 1434 quaereret:
815 1354 943 1417 tantum
968 1352 1088 1417 auxilio
1112 1353 1295 1418 Saturionis

223 1469 284 1534 sihi
308 1489 391 1553 opus
415 1489 483 1534 esse
507 1470 691 1535 confitetur.
717 1471 836 1536 Postea
860 1472 902 1536 ad
926 1472 1092 1536 hancrem
1106 1471 1292 1536 redibimus.

271 1589 340 1653 Iam
363 1589 474 1654 statim
497 1590 679 1672 parasitum
703 1590 878 1672 conspicit,
907 1592 1016 1654 tamen
1033 1591 1213 1672 quasieum
1227 1609 1293 1654 non

223 1707 480 1784 animadvertat,
520 1709 656 1774 domum
687 1709 872 1794 relinquens
904 1729 1014 1774 servos
1038 1729 1152 1773 cenam
1177 1728 1294 1791 parare

223 1827 324 1891 iubet.
350 1828 499 1893 Tandem
523 1830 608 1894 inter
631 1848 666 1893 se
689 1829 849 1907 salutant,
877 1829 1054 1912 multisque
1077 1827 1184 1892 verbis
1208 1826 1294 1891 ultro

224 1945 371 2030 citroque
395 1946 487 2012 iactis
511 1947 551 2011 de
571 1948 719 2013 ciborum
731 1950 763 2013 et
777 1948 948 2030 potionum
961 1947 1122 2013 suavitate
1133 1945 1294 2027 gulaeque

223 2063 480 2144 oblectamentis,
516 2066 651 2132 Toxilus
687 2067 867 2150 parasitum
892 2067 985 2148 rogat
1008 2064 1235 2129 memineritne
1258 2082 1292 2126 se

223 2202 325 2260 orare,
353 2187 389 2249 ut
412 2185 473 2249 sibi
496 2187 671 2266 argentum
694 2169 847 2251 mutuom
862 2187 963 2252 daret.
989 2185 1120 2250 Saturio
1131 2203 1166 2247 se
1178 2182 1293 2246 marni-

223 2304 308 2368 nisse
331 2305 463 2388 quidem
487 2306 638 2384 affirmat,
665 2327 778 2372 verum
802 2309 899 2388 negat
923 2327 957 2370 se
982 2305 1102 2370 habere
1121 2301 1209 2386 quod
1227 2301 1291 2373 det,

223 2442 289 2507 quo
314 2423 398 2489 iacto
424 2424 558 2490 Toxilus
584 2427 669 2490 »iam
679 2426 770 2509 ,nolo
794 2424 993 2508 argantu1n”.
1044 2422 1131 2488 Num
1155 2438 1291 2485 consen·

224 2543 356 2606 laneum
383 2544 431 2607 est
455 2543 607 2608 Toxilum
631 2546 711 2610 haec
738 2545 835 2612 verba
859 2546 991 2610 dicere?
1027 2538 1097 2618 Oua
1121 2540 1227 2604 torma
1250 2538 1292 2602 ad

224 2680 285 2725 nos
318 2660 431 2727 fabula
465 2664 610 2744 pervenit
646 2664 780 2729 Toxilus
805 2663 910 2728 dicere
934 2682 1001 2726 non
1026 2660 1132 2743 potest
1155 2677 1189 2721 se
1214 2656 1292 2720 satis

223 2779 345 2844 habere
393 2781 420 2843 si
466 2782 599 2862 parasiti
648 2782 715 2846 filia
751 2782 881 2846 tantum
916 2780 978 2845 sibi
1018 2777 1141 2844 utenda
1177 2777 1288 2839 detur:

224 2899 393 2980 praeterea
417 2899 446 2962 ei
470 2899 610 2981 pecunia
634 2919 717 2982 opus
741 2901 797 2963 est.
835 2899 920 2963 Nam
944 2899 1034 2981 prius
1059 2895 1169 2960 lenoni
1193 2912 1291 2977 pecu-

223 3017 313 3081 niam
330 3017 425 3082 solrit
437 3038 496 3100 pro
509 3018 731 3082 Lemniselene
747 3018 916 3083 liberanda
928 3036 1030 3101 quam
1041 3035 1060 3080 a
1073 3013 1292 3096 Sagaristione

224 3135 401 3219 quicquam
437 3137 577 3219 accepit:
620 3155 727 3220 neque
751 3156 839 3201 nuno
863 3137 929 3201 iam
953 3137 1014 3200 scit
1037 3133 1293 3215 Sagaristionem

224 3256 337 3338 postea
370 3256 542 3338 pecuniam
578 3255 639 3319 sibi
674 3255 795 3320 volenti
831 3255 1009 3320 allaturum
1034 3273 1119 3317 esse:
1146 3251 1292 3331 Sagaris-

224 3373 304 3439 tioni
329 3393 461 3457 quoque
485 3373 631 3437 accidere
655 3376 773 3456 posset,
801 3375 837 3439 ut
861 3393 895 3437 re
919 3372 1040 3438 iniecta
1068 3372 1197 3435 rediret.

270 3492 405 3557 Toxilus
441 3494 552 3557 autem
577 3492 676 3577 (128)
702 3493 883 3575 parasitum
919 3470 1088 3556 certiorem
1124 3488 1200 3554 facit
1225 3487 1292 3552 filia

125 3620 128 3627 ’
224 3613 293 3678 eius
315 3613 375 3677 sibi
401 3632 484 3695 opus
504 3632 573 3676 esse
598 3613 641 3678 ad
665 3633 743 3691 rem,
769 3632 868 3696 qoam
893 3612 927 3676 in
952 3607 1205 3684 animohabeat
1219 3626 1291 3689 per-

224 3732 408 3797 ficiendam.
445 3730 619 3796 Nonnullis
655 3731 802 3797 versibus
834 3732 925 3814 post,
959 3731 1134 3813 postquam
1158 3724 1292 3790 Toxilus

224 3851 370 3935 parasito
405 3851 549 3915 minatus
574 3852 721 3916 osteum
746 3869 812 3915 non
838 3850 928 3932 prius
952 3847 1062 3913 cibum
1084 3846 1292 3928 gustaturum

225 3990 310 4049 esse,
348 3990 449 4054 quarn
485 3989 519 4033 se
554 3971 616 4034 hoc
640 3970 803 4035 facturum
836 3988 905 4033 esse
928 3965 1153 4042 affirmaverit,
1177 3963 1292 4027 Toxilo

226 4090 419 4165 assentitur,
457 4089 680 4173 promittitque
717 4108 750 4152 se
786 4089 914 4166 omnia,
940 4105 1026 4170 quae
1059 4084 1193 4148 Toxilus
1217 4081 1292 4148 velit

226 4207 390 4276 facturum
427 4226 504 4271 esse.
540 4206 576 4274 In
601 4208 733 4294 promtu
759 4215 807 4273 est
831 4205 933 4276 cuivis
956 4205 1016 4275 hos
1040 4221 1151 4268 versus
1174 4200 1293 4282 legenti
