3046 4966
721 542 765 606 46

271 735 366 824 (Hui)
390 736 512 801 hahae'!
539 734 668 799 basilica
693 737 724 799 te
748 734 886 800 intulisti
911 737 941 799 ct
966 733 1078 798 faccia.
1093 731 1179 818 (Hui
1197 735 1291 800 extra

223 853 390 941 metrum).

270 975 325 1038 Pa
352 969 450 1038 Daca't
474 993 526 1037 me
551 973 693 1038 facctum
717 993 804 1053 csse,
830 976 862 1038 et
886 975 974 1039 hunc
998 974 1137 1037 inridtre
1162 977 1217 1037 cet.

224 1113 366 1176 quorum
401 1095 435 1158 in
466 1093 572 1175 primo
607 1091 686 1157 soles
722 1111 781 1175 pro
818 1112 885 1157 una
919 1092 1043 1175 syllaba
1068 1093 1134 1168 est;
1162 1092 1292 1155 namsi

224 1213 285 1277 hoc
308 1214 342 1277 in
366 1212 512 1278 iambicis
536 1211 720 1276 admittitur
744 1214 780 1274 ut
803 1211 970 1276 iambicum
993 1213 1033 1276 sit
1059 1230 1118 1294 pro
1139 1211 1221 1274 thesi
1235 1211 1294 1274 aut

224 1333 304 1396 arsi
323 1331 442 1409 iambi,
477 1330 582 1395 multo
617 1327 722 1412 magis
757 1331 790 1394 in
815 1329 1011 1395 bacchiacis:
1043 1349 1153 1394 versus
1181 1330 1293 1394 autem

224 1452 302 1516 ilem
325 1453 430 1516 metro
454 1451 572 1515 cretico
596 1450 658 1531 legi
683 1451 804 1533 potest,

249 1690 339 1755 '852
377 1725 421 1736 -
457 1688 499 1753 ad
536 1688 644 1752 finam.
684 1686 859 1774 (5:u:70
893 1725 937 1736 -
971 1688 1096 1775 finem).
1146 1689 1214 1753 Hos
1238 1707 1296 1752 sex

226 1826 337 1871 versus
360 1807 401 1870 R.
428 1805 607 1870 trochaicus
630 1807 760 1887 praeter
784 1806 852 1870 854
877 1806 909 1869 et
933 1807 999 1871 855
1024 1807 1203 1889 descripsit.
1252 1806 1294 1871 Hi

225 1945 366 2008 quoquc,
391 1926 425 1988 ui
449 1924 552 2001 fallor,
576 1924 621 1988 sic
646 1924 801 1989 trochaici
826 1924 1016 1989 restituendi
1041 1927 1134 1990 sunt:
1286 1991 1289 1995 ,

274 2043 342 2107 854
376 2043 435 2107 Tc.
473 2043 558 2107 Satis
593 2044 659 2108 iam
694 2044 893 2125 sumpsimus
929 2043 1077 2126 supplici.
1104 2044 1163 2108 Do.
1189 2042 1290 2126 [Ego]

747 2161 860 2238 fateor,
886 2182 1004 2227 manus
1029 2162 1120 2226 vohis
1145 2164 1242 2226 dano.
1270 2160 1295 2248 ι)

227 2283 319 2347 Alter
354 2301 464 2346 versus
496 2281 679 2345 trochaicus
711 2281 818 2346 evadit
852 2279 946 2365 furca
982 2301 1041 2363 pro
1079 2281 1182 2363 sarcis
1216 2283 1296 2346 scri·

228 2401 332 2465 beuti:
359 2401 527 2483 praetcrea
544 2371 691 2462 deleatur
702 2399 795 2477 lutra,
809 2400 898 2481 quod
914 2400 1061 2465 hocloco
1074 2400 1216 2464 alienum
1230 2402 1294 2465 est:

275 2521 341 2583 855
379 2519 436 2583 To.
475 2518 553 2582 Post
589 2517 682 2581 dabis
705 2516 768 2581 sub
800 2516 891 2582 furca
921 2518 976 2582 abi
1011 2519 1044 2582 iu
1070 2538 1200 2584 crucem
1236 2519 1295 2587 Do.

693 2634 754 2701 'An
778 2656 896 2718 parum
918 2637 971 2701 hic
996 2639 1174 2704 examitum
1188 2638 1298 2725 τοτ’).

266 2871 285 2936 ¹)
321 2867 391 2922 Satis
415 2868 466 2921 iam
492 2867 557 2922 itam
583 2886 687 2923 versum
714 2868 877 2924 trochaicum
896 2868 991 2940 incipit
1012 2867 1088 2940 Capt.
1112 2868 1299 2923 v2128et9

230 2964 290 3028 (925
319 2968 346 3017 ct
373 2963 443 3028 926);
469 2963 533 3018 dono
560 2964 630 3030 (libri
656 2967 698 3037 do)
717 2983 764 3038 pro
783 2983 835 3037 qua
851 2965 935 3020 forma
956 2965 1021 3020 item
1041 2965 1100 3020 dato
1118 2963 1297 3030 satisfaceret,

229 3059 381 3131 saepissime
400 3057 470 3136 apud
487 3058 612 3115 Plautum
630 3061 773 3123 invenitur;
791 3080 835 3133 eqo
855 3061 964 3116 inserui.

265 3160 283 3221 2)
317 3154 384 3209 Cum
405 3154 531 3224 singulari
542 3158 623 3222 furca
642 3157 678 3212 cf:
698 3157 759 3213 Cas.
778 3156 836 3211 226
849 3187 854 3211 ι
866 3157 914 3222 37,
934 3157 1045 3212 2:8:a
