3046 4966
753 539 796 601 29

237 706 371 795 Dativns
401 731 596 812 perennitati
630 730 792 813 dependet
829 731 957 796 abene'
971 734 1083 805 vortat,
1114 730 1147 793 et
1174 730 1303 794 dativus

232 854 380 931 perpetno
404 849 468 914 cibo
492 870 512 914 a
532 850 727 931 perennitati
740 852 771 932 ¹).
800 851 887 915 Hnie
911 851 972 913 hoc
997 849 1068 912 loco
1093 871 1131 894 =
1154 848 1241 913 niiii.
1258 884 1303 894 -

238 967 334 1031 Video
375 968 578 1051 Geppentinni
613 971 727 1033 eadem
768 989 836 1034 csse
873 971 1033 1033 sententia
1069 970 1160 1051 quod
1185 969 1303 1032 attinet

151 1153 153 1157 ,
235 1086 277 1150 ad
312 1088 516 1169 scripturam,
554 1107 666 1152 verum
702 1089 873 1171 explicatio
908 1090 976 1152 eius
1013 1088 1303 1183 quodammodoa

222 1223 333 1288 supra
356 1208 524 1289 proposita
548 1207 706 1292 diderit).
731 1207 887 1274 Biictieier
911 1208 1027 1272 Rhein.
1042 1226 1125 1273 mus.
1144 1206 1195 1282 14,
1213 1206 1300 1269 Sit:

280 1325 373 1403 Quae
397 1345 447 1390 res
472 1316 555 1391 bene
579 1329 686 1392 vortat
709 1329 754 1391 mi
779 1331 811 1391 et
835 1327 894 1390 tibi
918 1327 950 1390 et
976 1327 1079 1388 ventri
1105 1344 1187 1404 meo,

278 1444 468 1510 Perennitas
491 1448 597 1530 sitque
621 1449 703 1512 adeo
728 1449 803 1511 huic
827 1448 985 1528 perpetuo
1016 1443 1099 1508 cibo.

279 1685 344 1748 353
369 1703 438 1768 sqq.
467 1685 524 1769 (3:
544 1685 664 1768 1:25).
692 1684 764 1749 Non
790 1703 849 1764 ego
874 1683 1058 1747 inimicitias
1076 1683 1182 1745 omnis
1195 1683 1297 1764 pluris

1140 1803 1298 1876 aestumo,

278 1922 385 2000 Quam
409 1943 522 1988 mensa
544 1925 651 1988 inanis
674 1941 762 1987 nunc
786 1923 812 1984 si
837 1920 1024 2003 adponatur
1052 1919 1144 1982 mihi.

276 2042 414 2107 Botiins
447 2046 480 2107 ct
514 2041 704 2108 Ritsetieiins·
736 2042 972 2123 transponunt;
1006 2058 1073 2102 non
1102 2056 1161 2118 ego
1192 2039 1297 2101 omnis

229 2161 422 2226 inimicitias,

277 2280 439 2362 anetns:
474 2300 541 2345 non
572 2281 757 2345 inimicitias
780 2279 904 2343 omneis
929 2279 1029 2361 pluris
1053 2282 1201 2345 aestumo
1228 2281 1299 2364 (de-

229 2397 308 2463 leto:
339 2400 415 2484 epo).

228 2516 313 2580 Puto
348 2536 423 2582 cum
461 2518 624 2603 Spenpeiio
661 2516 791 2604 (Kritik.
826 2518 918 2582 Pros,
955 2517 1046 2582 Metr.
1081 2538 1134 2600 pg.
1163 2520 1221 2602 31)
1246 2520 1291 2582 le-

195 2643 197 2646 ’
227 2636 371 2715 gendum
396 2655 488 2701 esse:

274 2754 347 2818 Non
371 2759 431 2837 ego
454 2756 601 2820 inimicos
625 2757 730 2820 omnis
754 2754 856 2837 pluris
880 2756 1041 2819 aestumo

227 2865 418 2955 praesertim
460 2894 536 2939 cum
579 2875 670 2955 virgo
713 2871 774 2959 (vs.
820 2871 901 2959 351)
946 2875 1025 2937 item
1073 2875 1113 2938 de
1161 2875 1297 2939 inimicis

226 2991 335 3058 locuta
361 2995 416 3059 sit:
449 3015 544 3059 „nam
555 2994 676 3058 inimici
687 2993 809 3056 famam
821 2993 956 3073 nonita,
972 2995 1008 3058 ut
1021 2994 1139 3071 natast,
1153 2991 1297 3057 ferunt.'’

226 3111 329 3176 Maior
352 3111 551 3194 contemptio
574 3112 662 3175 certo
685 3112 818 3192 cogitari
842 3113 1018 3194 nonpotest
1046 3113 1077 3175 in
1093 3132 1148 3176 ore
1162 3113 1296 3194 parasiti

226 3231 372 3295 inimicos
394 3250 471 3296 suos
494 3250 570 3295 cum
593 3249 708 3295 mensa
731 3231 821 3296 inani
844 3231 1081 3314 comparantis!

224 3351 398 3415 Praeterea
427 3359 512 3415 nnnc
543 3349 590 3434 (v.
613 3349 694 3436 354)
712 3351 912 3432 corruptum.
951 3350 1120 3415 Sententia
1145 3350 1294 3433 postulat

224 3492 381 3560 nnqnnn,
406 3469 499 3536 senet
523 3471 581 3534 aut
603 3471 708 3534 simile
727 3470 823 3552 quid.

260 3726 280 3787 ¹)
296 3721 391 3776 Verte:
426 3738 473 3783 ,en
502 3737 566 3775 voor
589 3719 610 3774 't
631 3719 749 3788 cenwige
773 3718 850 3772 leven
877 3734 942 3771 voor
967 3725 1090 3783 (=van)
1119 3716 1151 3770 de
1181 3717 1295 3786 eeunig·

224 3815 341 3872 durande
359 3817 421 3872 kost
439 3834 504 3871 voor
521 3814 610 3871 denen.
630 3826 677 3880 (z
699 3833 762 3870 voor
781 3814 864 3886 mij).’'

260 3919 279 3978 2)
296 3914 449 3986 Geppert
475 3912 656 3968 Plautinische
684 3911 791 3966 studien
813 3929 854 3982 pg.
875 3911 923 3966 ei:
950 3910 1027 3964 „Man
1047 3909 1112 3963 wird
1137 3909 1179 3963 die
1204 3910 1294 3966 Wortc

175 4058 177 4062 Α
225 4015 352 4082 perpetuo
380 4008 439 4064 cibo
467 4009 545 4063 keum
576 4009 617 4088 itit
644 4013 725 4064 etwas
751 4008 846 4064 andros
864 4007 954 4062 hatten
970 4007 1075 4061 kdnncn
1095 4005 1157 4072 ,als
1180 4007 1221 4061 fiir
1239 4010 1298 4063 cine

178 4130 182 4141 ·
224 4105 381 4176 Apposition
401 4123 434 4158 zu
450 4105 509 4158 dem
536 4103 784 4174 Vorhergehenden.

259 4200 333 4256 Dicit
350 4202 377 4255 in
397 4201 573 4256 Ambrosiano
590 4201 718 4272 scriptum
734 4218 805 4255 esse:
830 4202 1070 4270 ‚sperennitatciqne
