3046 4966
735 556 778 620 34

223 751 255 813 et
288 749 376 814 borio
412 749 490 814 item
527 749 649 813 mentio
683 748 721 812 fit
755 767 791 811 vs
827 749 893 812 678
929 769 995 831 quo
1019 750 1091 813 loco
1116 750 1297 831 Sagaristio

221 868 306 932 clam
341 888 375 932 se
399 868 535 933 domum
559 868 665 932 Toxili
692 867 839 950 conferre
868 867 1021 946 iubetur,
1048 868 1159 950 ibique
1188 869 1297 934 multo

95 1006 97 1010 ·
221 987 335 1051 melius
359 988 392 1051 in
418 1007 488 1052 rem
512 987 693 1070 quadrant:
719 987 781 1050 hoc
798 982 963 1051 loco'nilril
976 987 1018 1052 ad
1031 1005 1101 1052 rem
1112 988 1295 1070 pertinent.

269 1201 336 1266 465
363 1198 417 1287 (4:
432 1202 451 1264 8
466 1223 474 1266 :
488 1199 537 1286 4).
562 1199 665 1265 Libri:
692 1199 730 1263 T.
749 1199 813 1263 Sed
827 1199 913 1264 satin
926 1200 1075 1265 meditati
1088 1201 1186 1266 estis?
1211 1202 1294 1267 Sec:

887 1318 1015 1399 Tragici
1038 1320 1071 1383 et
1094 1320 1213 1384 comici
1238 1326 1297 1388 ret.

223 1439 319 1503 Hunc
331 1458 461 1503 versum
473 1458 538 1503 non
552 1439 715 1520 integrum
727 1456 796 1502 esse
809 1439 952 1501 metrum
965 1436 1093 1520 probat.
1111 1439 1274 1520 Legamus
1287 1462 1295 1503 z

270 1557 309 1622 T.
348 1557 412 1621 Sed
447 1557 533 1622 satin
564 1557 651 1641 [vos]
688 1557 836 1621 meditati
873 1557 973 1620 estis?
1009 1557 1080 1620 Suc.
1108 1557 1238 1638 Tragici
1263 1560 1299 1623 et

1096 1676 1211 1740 cornici
1234 1682 1295 1744 ct.

268 1795 348 1860 486.
373 1793 565 1860 Bitscbelins
589 1796 728 1859 testatur
740 1795 915 1860 nonnullas
929 1794 1052 1858 litteras
1069 1780 1298 1860 aseinventas

224 1934 291 1979 esse
326 1916 399 1997 post
435 1933 479 1976 vs.
504 1914 583 1991 485,
609 1934 691 1996 quas
715 1914 947 1996 interpretatus
972 1914 1035 1977 est:
1070 1913 1251 1979 „obsecret
1271 1913 1297 2000 ¹)

223 2034 310 2099 Tum
345 2033 422 2097 dicit
458 2032 646 2115 „Deperditi
681 2053 792 2097 versus
833 2033 955 2098 exitum
996 2033 1032 2096 ut
1068 2032 1190 2098 obsecro
1214 2032 1296 2097 illud

229 2153 406 2229 „habeam‚
443 2153 591 2235 proxima
625 2152 758 2217 Dordali
794 2152 894 2218 verba
933 2172 986 2216 me
1027 2153 1177 2216 movent:
1215 2171 1296 2217 nam
1349 2220 1352 2226 ,

229 2272 337 2337 ‚nullo
362 2271 443 2335 dum
467 2271 584 2349 verbo,
597 2271 733 2335 liberam
747 2292 832 2349 esse,
848 2271 1074 2353 significavit.”
1087 2272 1297 2336 Rectissime!

224 2391 268 2456 Ut
288 2390 450 2455 Dordalus
462 2390 568 2454 dicere
580 2391 699 2472 possit:
719 2391 746 2454 „i
761 2391 802 2454 ad
814 2389 942 2455 forum''
957 2397 1013 2456 etc.
1029 2390 1188 2455 nonnulla
1200 2409 1297 2472 prae·

224 2511 338 2574 cedere
351 2510 486 2587 debent,
501 2508 619 2592 quibus
631 2509 793 2574 Dordalus
807 2530 879 2574 earn
894 2509 1031 2575 liberam
1043 2530 1111 2575 esse
1123 2487 1296 2588 asseveret,

225 2629 361 2695 Toxilus
385 2629 496 2694 autem
521 2628 670 2692 nondum
693 2629 823 2710 quietus
836 2630 944 2693 denuo
963 2650 1038 2694 eum
1051 2629 1173 2712 aliquid
1185 2631 1291 2710 roget.

272 2840 340 2904 489
366 2836 403 2926 (4
418 2862 425 2903 :
441 2841 480 2904 3:
500 2838 556 2924 18)
581 2839 660 2903 Inde
684 2839 727 2904 ab
752 2819 814 2904 hoc
838 2840 910 2905 loco
935 2842 969 2906 in
985 2863 1139 2907 versuum
1151 2842 1296 2924 descrip-

225 2959 312 3023 tione
345 2958 439 3022 valde
463 2959 645 3040 discrepare
669 2959 829 3041 incipiunt
853 2961 892 3025 A.
917 2963 949 3027 et
968 2962 1007 3027 B.
1034 2943 1169 3029 Ritscbl.
1195 2963 1298 3026 inusi-

226 3079 377 3143 tatiorem
400 3078 581 3142 metrorum
605 3079 795 3143 varietatem
819 3099 858 3143 ex
881 3081 909 3145 A
937 3083 1029 3164 sequi
1053 3102 1120 3147 non
1135 3081 1301 3147 dubitavit

227 3196 313 3285 (ride
350 3200 458 3264 adnot.
498 3198 567 3262 eius
602 3217 653 3280 pg.
682 3198 749 3280 69).
784 3199 943 3276 Miiller
967 3202 1008 3266 ad
1032 3221 1077 3266 vs.
1104 3202 1172 3266 495
1197 3200 1298 3265 libros

225 3319 331 3384 metro
354 3337 464 3383 carere
477 3317 622 3400 disputat
634 3319 665 3403 π).
691 3317 802 3384 Liceat
813 3321 893 3384 mihi
905 3321 1042 3403 prodere
1054 3341 1140 3405 quae
1153 3323 1290 3386 conatus

225 3459 299 3504 sum
323 3439 366 3504 ad
390 3438 547 3503 maiorem
571 3439 750 3503 metrorum
774 3440 922 3504 ordinem
946 3440 1204 3505 restituendum:

264 3651 281 3710 ¹)
300 3645 455 3717 Gepport
473 3645 521 3711 (Pl.
540 3645 616 3701 siud.
635 3646 664 3700 2:
685 3646 728 3709 88)
746 3645 784 3700 ibi
801 3644 883 3700 fuisse
901 3649 996 3717 putat:
1014 3645 1105 3715 poliaci
1115 3689 1121 3708 ‚
1140 3644 1211 3700 unde
1230 3645 1301 3699 bunc

226 3759 333 3796 versum
350 3741 456 3796 scribit:
723 3734 726 3741 ’

264 3839 297 3893 Ι).
316 3839 365 3894 Pol
381 3839 437 3894 iad
454 3839 555 3904 forum,
573 3856 588 3893 e
606 3841 728 3910 praetore
745 3837 862 3910 exquire,
872 3838 895 3893 si
904 3837 1011 3910 quidem
1020 3838 1127 3893 credere
1139 3837 1202 3892 mihi
1212 3837 1304 3892 nevis.

226 3935 229 3939 ’
263 3934 283 3998 2)
308 3934 433 3990 Mulier
460 3933 548 3989 Plaut.
573 3951 643 4006 pros.
662 3951 705 4006 pg.
723 3933 792 3989 211:
814 3935 915 4006 ,Anao
934 3933 993 3988 sind
1011 3935 1079 3989 auch
1097 3933 1139 3989 die
1158 3933 1303 4004 vorherge-

228 4030 333 4086 handen
358 4031 414 4085 und
437 4029 578 4101 folgenden
603 4028 687 4084 Verse
705 4029 746 4085 bis
767 4029 814 4084 auf
829 4031 897 4096 495,
915 4029 961 4084 der
979 4031 1007 4084 in
1025 4029 1072 4084 der
1090 4029 1301 4098 Uberliefernng

229 4145 276 4198 gar
289 4127 365 4181 ¹lrein
390 4127 508 4182 Mettum
533 4126 596 4191 hat,
619 4126 734 4181 sondern
761 4125 915 4181 liickenbalt
942 4126 989 4191 ist,
1014 4126 1063 4180 wie
1081 4126 1149 4180 auch
1167 4125 1209 4180 die
1228 4124 1302 4180 Gon-

230 4222 362 4277 struction
378 4223 476 4293 zeigt”,
494 4241 520 4277 u.
538 4241 559 4277 s.
576 4241 610 4278 w.
