3046 4966
735 558 778 621 30

268 749 333 811 385
358 766 426 830 sqq.
456 713 650 831 (11111s57
677 749 752 830 sqq)
778 747 867 828 apud
893 748 932 811 R.
959 747 1004 811 sic
1028 749 1171 831 discripti
1189 751 1287 813 sunt:

268 867 355 930 Tace
380 865 488 930 stulta.
516 865 589 930 Non
616 869 650 930 tn
675 869 763 930 nunc
788 867 958 930 hominum
983 871 1090 930 mores
1119 867 1215 931 vides.

267 982 479 1062 Quoiusmodi
502 985 553 1048 hic
578 1004 653 1048 cum
677 985 764 1050 fama
788 986 881 1050 facile
906 985 1065 1052 nubitur?

269 1106 355 1169 Dum
379 1105 437 1168 dos
462 1105 528 1180 est,
553 1104 681 1177 nullum
705 1106 819 1168 vitium
844 1107 921 1170 vitio
947 1106 1085 1171 vortitur
1098 1103 1135 1189 .¹).

221 1225 306 1289 Puto
354 1243 429 1288 curn
466 1223 611 1287 Acidalio
646 1224 776 1304 signum
809 1225 1071 1305 interrogationis
1109 1245 1175 1290 non
1216 1227 1291 1308 post

222 1345 352 1410 nubitur
386 1361 499 1406 verum
523 1342 597 1424 post
619 1342 704 1407 eides
728 1363 797 1407 esse
821 1344 1021 1426 ponendum.
1071 1345 1135 1409 Pro
1159 1332 1288 1427 quoius-

223 1463 307 1528 modi
318 1460 548 1548 (quoirismodi
559 1459 608 1543 C)
624 1461 744 1525 scribe:
764 1463 966 1541 cuicuimodi,
985 1483 1050 1546 quo
1069 1463 1154 1529 facto
1173 1465 1286 1529 omnia

225 1586 310 1646 recte
335 1601 369 1645 se
393 1581 534 1645 habent:
646 1568 651 1580 '

272 1702 359 1766 Tace
391 1700 500 1766 stulta.
550 1699 624 1789 Non
661 1702 696 1764 tu
730 1702 819 1764 nunc
850 1701 1021 1765 hominum
1046 1705 1153 1766 mores
1177 1702 1292 1766 vides?

272 1819 476 1884 Cuicuimodi
499 1819 551 1882 bic
576 1838 652 1882 cum
677 1817 763 1883 fama
786 1819 879 1883 facile
904 1818 1056 1884 nubitur!
1083 1819 1108 1903 ²)

272 1940 359 2004 Dum
382 1939 441 2003 dos
466 1938 523 2013 sit,
548 1937 676 2001 nultum
702 1937 815 2015 vitium
841 1938 918 2002 vitio
943 1939 1089 2003 vortitur.

277 2177 343 2242 304
370 2178 406 2261 (3
419 2195 426 2238 :
441 2161 459 2241 ‘1
478 2196 484 2240 :
501 2171 580 2250 corz
605 2175 779 2240 Dabuntur
794 2177 878 2240 dotis
892 2177 949 2241 tibi
960 2178 1037 2241 inde
1049 2181 1187 2254 sescenti
1199 2181 1294 2261 logei.

229 2298 312 2361 Fieri
347 2296 453 2379 potuit
488 2296 525 2359 ut
560 2294 622 2358 hoc
670 2294 741 2359 loco
779 2295 910 2359 Homeri
951 2303 1066 2400 poetae
1090 2299 1124 2362 in
1147 2299 1292 2363 mentem

230 2416 361 2493 venerit,
388 2434 486 2497 quem
510 2413 665 2477 Aelianus
689 2414 776 2478 filiae
789 2434 867 2480 suae
880 2419 1025 2483 carmina
1043 2417 1163 2501 Cypria
1180 2418 1291 2483 dotem

231 2535 356 2600 dedisse
392 2534 503 2598 docet:
552 2546 659 2618 λέγεται
692 2545 724 2599 δὲ
756 2549 861 2601 κάκεῖνο
894 2551 967 2620 πρὸς
1000 2549 1125 2614 τούτοις,
1160 2551 1202 2604 ὅτι
1237 2549 1296 2620 ἄρα

231 2654 343 2720 ἀπορῶν
357 2651 483 2704 ἐκδοῦναι
503 2646 556 2719 τήν
571 2650 720 2721 θυγατέρα,
736 2647 836 2703 ἔδωκεν
851 2651 925 2725 αὐτῇ
941 2655 1042 2723 προῖκα
1060 2652 1133 2726 ἔχειν
1148 2655 1182 2707 τὰ
1197 2653 1248 2724 ἔπη
1262 2656 1298 2708 τὰ

235 2771 345 2841 κόπρια.
374 2768 417 2824 καὶ
448 2771 583 2842 ὁμολογεῖ
599 2772 682 2823 τοῦτο
706 2769 853 2841 Πίνδαρος.
869 2757 894 2844 ³)
989 2762 992 2769 ¹

278 2879 522 2960 Distinguunter
552 2878 686 2943 facetiae
720 2880 848 2944 Atticae
875 2900 895 2944 a
918 2879 1050 2956 Siculis;
1077 2881 1176 2945 Sicuti
1202 2882 1295 2946 erant

230 2999 421 3064 croacasim
442 2999 486 3081 (u
500 2997 556 3064 ou
575 2970 642 3064 rer}
658 2999 710 3077 rr,
726 3001 784 3080 es)
797 3000 854 3064 sen
867 3001 977 3065 tamen
990 2999 1104 3064 Atticis
1117 2999 1294 3065 inferiores.

232 3117 385 3183 Ceterum
409 3138 450 3181 ne
474 3119 646 3184 videantur
668 3119 778 3200 inepte
802 3119 863 3183 hoc
887 3120 958 3183 loco
982 3118 1057 3182 libri
1074 3117 1119 3182 illi
1136 3117 1300 3195 arcessiti,
1360 3196 1365 3203 Ι

231 3237 558 3302 animadvertendum
575 3240 624 3302 est
639 3238 740 3302 filiam
759 3238 942 3303 doctrinam
958 3256 1052 3301 suam
1070 3256 1148 3319 prae
1171 3256 1206 3300 se
1218 3235 1301 3300 terre

235 3357 301 3421 tarn
324 3357 524 3439 sapientibus
543 3357 604 3420 illis
625 3356 756 3420 monitis
772 3357 814 3420 ad
827 3358 955 3438 patrem
968 3357 1070 3434 dictis,
1084 3375 1185 3439 quarn
1198 3354 1297 3437 paulo

234 3478 323 3558 post,
373 3476 429 3540 ubi
464 3476 504 3540 de
547 3476 678 3541 urbium
713 3475 820 3540 salute
844 3476 875 3540 et
901 3477 1113 3558 prosperitate
1139 3475 1294 3556 disputat.

235 3593 434 3662 Crediderim
458 3597 589 3678 poetam
612 3595 770 3660 Graecum
787 3595 935 3659 indibrio
960 3595 1111 3660 hahuisse
1133 3592 1299 3657 mulierem

272 3825 290 3881 ι)
309 3817 342 3872 R
366 3817 447 3872 habet
471 3823 508 3873 ert
533 3836 565 3873 ex
592 3820 628 3873 A:
656 3806 819 3874 ornnes'a'lii
846 3818 920 3874 libri:
947 3822 988 3874 sit.
1018 3818 1173 3888 Geppert
1204 3820 1291 3869 autem

234 3913 315 3969 Plani
330 3914 380 3975 St.)
399 3915 413 3967 2
431 3931 473 3985 pg.
494 3915 526 3968 82
547 3922 636 3968 monet
654 3917 677 3969 A
697 3933 803 3987 qnoque
820 3918 855 3969 sii
875 3916 983 3971 habere.

273 4014 292 4074 ²)
309 4010 431 4082 Gnyet;
457 4010 581 4065 Guiusvis
601 4009 670 4064 modi
691 4010 731 4064 hic
749 4027 809 4065 cum
828 4011 897 4066 tama
915 4011 992 4065 facile
1011 4013 1136 4066 nubitur.
1155 4011 1297 4064 (libescit
1339 4045 1342 4052 ·
1361 4068 1364 4073 ,

238 4104 289 4160 400
308 4110 350 4177 (ex
370 4124 421 4161 roo.
440 4105 496 4174 m.)

273 4206 293 4268 ²¹)
311 4202 350 4257 cl.
371 4203 474 4258 Aeliani
493 4205 563 4257 varia
582 4204 747 4266 historiatas
766 4221 815 4257 rec.
837 4203 1014 4264 RHercberit
1037 4204 1089 4258 IX:
1113 4206 1151 4260 15,
1172 4223 1213 4277 pg.
1238 4205 1301 4257 100.
