3046 4966
737 503 780 564 8⁶2

221 677 355 747 dificare
387 687 510 752 illum.”
524 688 549 776 ¹)
598 691 732 755 Toxilus
768 691 880 756 autem
916 691 1138 758 obedientiam
1174 695 1293 776 poscit,

221 799 446 870 condicionem
469 809 600 890 patroni
624 811 656 873 et
678 809 795 887 liberti,
821 828 908 891 quae
933 811 1017 875 inter
1041 830 1076 876 se
1105 812 1157 890 sit,
1184 813 1297 877 osten-

222 915 307 995 tans,
348 921 451 989 donec
492 926 723 992 Lemniselenis
763 927 940 991 confitetur
984 929 1157 994 benefacta
1187 929 1298 994 Toxili

221 1035 347 1117 exigere
372 1044 408 1106 ut
432 1044 567 1126 imperio
592 1046 662 1109 eius
686 1046 809 1126 pareat..
835 1044 910 1124 Quo
932 1045 1019 1111 facto
1031 1046 1167 1112 Toxilus
1181 1066 1296 1111 rursus

221 1160 434 1240 praeceptum
471 1165 587 1246 repetit
623 1163 718 1246 (843)
772 1163 949 1245 „Graphice
988 1166 1076 1229 hunc
1109 1185 1197 1230 nunc
1222 1166 1297 1231 volo

222 1269 413 1343 ludificari.''
460 1281 555 1346 Nunc
594 1283 706 1346 Lemn.
733 1301 867 1364 operam
892 1303 987 1347 suam
1012 1283 1184 1366 pollicetur
1209 1258 1298 1348 hisce

222 1394 347 1461 verbis:
401 1397 488 1465 »lieo
526 1421 585 1483 ego
620 1400 654 1464 id
676 1401 709 1464 in
735 1401 806 1465 loco
830 1398 988 1465 curabo.’'
1036 1401 1164 1480 Quibus
1189 1401 1299 1466 verbis

222 1512 342 1578 auditis
377 1537 444 1585 non
477 1539 651 1603 possumus
682 1519 762 1601 quin
788 1520 1013 1600 exspectemus
1037 1520 1299 1584 Lemniselenem

223 1631 325 1711 probe
362 1637 474 1702 amicis
509 1640 576 1703 suis
610 1639 769 1703 auxilium
803 1656 873 1702 esse
895 1637 1048 1717 laturam,
1075 1639 1106 1700 et
1129 1656 1188 1720 pro
1215 1639 1299 1701 virili

222 1752 316 1828 parte
352 1753 504 1820 lenonem
527 1757 771 1822 ludificaturam
798 1776 879 1820 esse.
927 1756 1035 1820 Nihilo
1060 1757 1164 1820 secius
1188 1756 1295 1838 primo

223 1864 414 1937 ludificandi
449 1875 558 1956 parles
590 1876 739 1940 concedit
762 1872 973 1955 Sagaristioni
999 1876 1031 1938 et
1055 1874 1201 1955 Paegnio
1230 1874 1300 1957 (qui

224 1984 367 2055 iamdiu
389 1991 477 2055 idem
500 1992 675 2076 fecerant):
701 2013 786 2074 quae
811 1991 945 2056 tandem
969 1994 1017 2057 est
1042 1994 1106 2058 ista
1117 1993 1299 2058 ludificatio

224 2120 325 2183 quam
360 2109 394 2173 in
428 2129 488 2174 suo
513 2111 584 2176 loco
609 2111 761 2176 curabit?
810 2109 899 2176 Nihil
924 2112 984 2177 nisi
1009 2111 1099 2194 quod
1125 2131 1184 2200 pro
1209 2110 1298 2175 ludi·

225 2221 296 2288 brio
328 2227 481 2293 lenonem
506 2230 547 2294 ad
572 2250 688 2294 cenam
711 2231 837 2306 invitat,
863 2249 966 2312 aeque
995 2231 1094 2312 atque
1116 2230 1182 2294 iam
1208 2230 1300 2311 prius

227 2341 293 2406 790
327 2364 397 2429 sqq.
432 2347 556 2412 iactum
593 2351 683 2412 erat:
726 2349 834 2412 „intro
871 2348 880 2411 i
906 2350 1055 2430 patrone,
1094 2348 1224 2422 amabo,
1253 2348 1297 2412 ad

226 2464 377 2531 cenam’'.

274 2581 471 2650 Stultissime
506 2605 604 2668 porro
639 2585 720 2649 mihi
755 2585 854 2649 verba
888 2584 1015 2649 lenonis
1054 2602 1123 2647 esse
1147 2583 1303 2647 videntur

228 2719 256 2764 v.
287 2703 371 2768 844:
399 2703 519 2781 „Certo
538 2705 584 2769 illi
609 2706 757 2768 homines
781 2704 861 2767 mihi
885 2703 994 2767 nescio
1020 2702 1099 2784 quid
1121 2701 1302 2766 consulunt

233 2819 328 2884 „mali
352 2824 441 2905 quod
464 2821 631 2889 faciant:'’
660 2825 734 2888 leno
758 2824 810 2887 cui
833 2822 1037 2887 vehementia
1060 2823 1186 2902 ingesta
1212 2840 1300 2884 con-

229 2935 306 3002 vitia
328 2943 414 3018 sunt,
441 2943 497 3025 qui
522 2944 634 3025 plagas
658 2944 705 3006 est
734 2961 916 3024 perpessus,
943 2941 999 3023 qui
1024 2940 1178 3005 Toxilum
1194 2938 1304 3021 impe-

231 3059 359 3123 rantem
381 3060 550 3125 audiverat
578 3062 615 3125 ut
637 3062 706 3143 ipse
728 3060 868 3124 ludibrio
893 3058 1080 3138 haberetur,
1094 3059 1302 3122 assenserat

231 3177 355 3241 ceteros
378 3178 458 3244 haec
481 3179 569 3244 iussa
592 3178 735 3261 perbene
759 3179 929 3242 exsecutos
952 3196 1037 3241 esse:
1063 3176 1116 3240 ille
1140 3176 1228 3240 idem
1250 3175 1299 3239 vir

231 3311 320 3359 nunc
340 3296 474 3361 tandem
498 3297 642 3361 maxima
664 3295 871 3378 simplicitate
894 3295 972 3359 dicit
992 3315 1025 3358 se
1050 3296 1167 3377 putare
1191 3294 1301 3358 'homi-

232 3430 290 3476 nes
313 3414 386 3479 illos
409 3417 518 3480 nescio
541 3415 621 3498 quid
644 3414 723 3480 mali
746 3415 780 3478 in
804 3433 838 3478 se
863 3410 1053 3478 consulere!

279 3533 315 3595 V.
354 3533 430 3597 845.
491 3535 564 3599 Sic.
602 3533 711 3598 »Heus
746 3552 813 3596 vos
862 3532 943 3595 Tou.
983 3531 1069 3610 Quid
1108 3532 1180 3596 ais?
1225 3531 1305 3595 Sne.

234 3648 378 3716 Hicinest
417 3652 492 3716 leno
532 3652 588 3734 qui
627 3653 679 3716 hic
717 3651 882 3715 mercatur
926 3647 1066 3713 liberas’'
1108 3652 1162 3714 cei.
1215 3648 1302 3714 Haec

233 3769 332 3832 verba
367 3771 503 3834 alicuius
540 3772 617 3834 sunt
655 3769 712 3851 qui
747 3770 805 3834 aut
842 3784 931 3832 nunc
954 3768 1088 3854 demum
1112 3768 1145 3831 in
1171 3786 1303 3831 scenam

235 3888 362 3966 prodit,
396 3888 455 3952 aut
488 3887 595 3952 adhuc
631 3885 862 3950 ludificationis
894 3903 1008 3967 expers
1040 3904 1129 3948 nunc
1154 3885 1297 3965 primum

243 4049 456 4060 ——..-.-—---—-

273 4140 292 4206 ¹)
310 4139 353 4193 Sic
373 4140 404 4194 R.
423 4140 456 4193 ln
477 4141 506 4194 B.
525 4140 553 4192 O.
573 4141 605 4193 1).
625 4140 689 4193 haec
708 4138 898 4193 continuentur
915 4137 1018 4193 Toxilo.
1133 4177 1134 4180 ,
