3046 4966
460 514 753 608 ·75

270 737 332 814 Qui
376 739 465 819 ipsus
510 737 607 801 sitiat.
642 737 695 800 'T.
733 736 839 800 Sicine
879 737 941 800 hoc
979 739 1009 799 te
1046 736 1125 799 mihi
1162 736 1290 800 facere?
1426 767 1429 775 ·

747 855 780 919 S.
806 853 893 933 Quid
918 854 1059 919 faciam?
1083 855 1122 919 T.
1149 855 1290 936 Rogan?

223 975 310 1053 Quid
345 975 528 1056 significent
561 973 677 1037 verba:
715 973 821 1040 Sicine
843 973 899 1038 boc
923 979 952 1038 te
974 973 1053 1038 mibi
1074 970 1193 1053 focae,
1223 993 1290 1038 non

222 1093 383 1174 intellego.
433 1093 607 1156 Praeterea
642 1111 709 1157 uon
745 1094 794 1156 est
829 1095 949 1158 natura
981 1092 1229 1176 proverbiorum
1254 1097 1290 1157 ut

223 1211 389 1276 nonnullis
416 1210 522 1275 verbis
546 1212 664 1287 additis
689 1211 900 1293 explicentur.
949 1212 1117 1276 Permulta
1142 1212 1291 1293 exempla

223 1331 330 1394 afferri
354 1333 492 1412 possunt
516 1329 636 1412 quibus
659 1328 819 1393 efficiatur
842 1331 998 1395 Plautum
1018 1350 1150 1413 quoque
1170 1331 1212 1395 ab
1229 1331 1291 1395 hac

222 1449 458 1514 consuetudine
482 1468 548 1513 non
573 1448 789 1514 abhorruisse.
819 1448 867 1515 Cl.
894 1451 983 1514 Asin.
1012 1451 1054 1514 79
1072 1450 1162 1514 nudo
1180 1450 1290 1514 detra-

224 1567 302 1630 here
336 1568 526 1634 vestimeuta
563 1587 615 1631 me
649 1568 752 1633 iubes.
790 1570 873 1635 Men.
909 1569 975 1632 248
1007 1569 1061 1650 tl:
1089 1569 1205 1653 1:22)
1254 1570 1291 1632 Iu

227 1687 332 1768 scirpo
371 1687 494 1750 nodum
530 1676 668 1770 quaeris.
708 1688 802 1753 Most.
840 1688 862 1752 4‘
875 1711 883 1751 ε
898 1689 917 1750 ⁶2
934 1708 942 1751 :
957 1689 999 1751 68
1033 1688 1059 1751 is
1082 1688 1132 1750 vel
1157 1687 1292 1752 Herculi

108 1859 110 1864 .
226 1807 392 1871 conterere
419 1807 593 1888 quaestum
618 1808 746 1889 possiet.
774 1807 872 1870 Poen.
903 1807 968 1871 775
994 1805 1031 1889 (3
1046 1830 1053 1871 :
1069 1808 1089 1870 5
1104 1830 1111 1870 :
1129 1805 1188 1892 31)
1214 1807 1292 1889 lupo
1396 1904 1399 1910 Ι

225 1945 346 2006 agnum
371 1926 494 2007 eripere
519 1927 675 2008 postulas
701 1926 819 1990 Pseud.
850 1926 1047 1990 1:1:100:
1088 1924 1165 1990 Non
1190 1925 1293 2007 pluris

226 2045 322 2109 refert
364 2064 465 2128 quam
504 2045 531 2108 si
567 2044 706 2109 imbrem
745 2047 778 2109 iu
815 2044 959 2109 cribrum
994 2045 1133 2124 ingeras,
1172 2044 1291 2108 Pseud.

229 2166 242 2228 1
260 2184 267 2226 :
285 2165 407 2229 3:85:
457 2163 532 2228 Una
556 2183 656 2246 opera
681 2163 821 2245 adligem
844 2182 960 2227 canem
981 2162 1149 2243 fugitivam
1166 2163 1293 2244 agninis

86 2332 91 2346 .
224 2282 362 2347 lactibus
379 2288 435 2347 cet.
460 2318 504 2329 -
530 2281 751 2360 Quamobrem
776 2282 876 2347 verba
900 2283 956 2365 qui
964 2283 1053 2364 ipsus
1065 2283 1154 2347 sitiat
1166 2283 1293 2346 insitiva

225 2421 294 2466 esse
310 2404 401 2484 puto.
428 2400 553 2466 Natura
578 2401 665 2465 euim
689 2403 827 2484 pumicis
851 2403 929 2466 satis
953 2403 1025 2466 erat
1046 2403 1173 2482 cognita
1200 2421 1292 2484 spec-

225 2520 395 2584 tatoribus
433 2519 480 2585 Cl.
518 2500 691 2603 praeterea¹
722 2521 796 2585 Aul.
828 2521 914 2586 Μ
940 2543 947 2585 :
973 2521 1014 2585 18
1063 2521 1189 2585 Pumex
1225 2539 1292 2584 non
1364 2496 1367 2502 ²

227 2659 329 2723 aeque
353 2641 401 2703 est
425 2640 546 2717 aridus,
572 2642 670 2722 atque
694 2640 746 2704 hic
772 2644 819 2704 est
843 2659 951 2704 senex.
988 2640 1108 2704 Pseud.
1137 2642 1175 2704 1:
1195 2640 1294 2705 1:74

225 2760 397 2823 Pumiceos
432 2758 544 2823 oculos
580 2759 703 2824 habeo:
736 2779 803 2823 nou
828 2779 913 2842 queo
938 2761 1134 2824 Lacrumam
1159 2778 1295 2822 exorare

100 2958 104 2967 ¹
227 2881 264 2943 ut
284 2880 428 2960 expuent
453 2897 555 2942 unam
578 2879 691 2942 modo!
717 2913 761 2945 ,-
787 2877 871 2943 Cum
895 2880 1007 2942 autem
1031 2879 1112 2942 haec
1136 2877 1237 2941 verba
1261 2877 1295 2940 in

229 3000 353 3062 textum
389 2999 612 3080 irrepsissent‚
648 2997 748 3061 verba
783 2998 952 3080 sequentia
989 2994 1102 3081 (sicine
1137 2996 1199 3060 hoc
1235 2995 1296 3078 est)
1375 2981 1387 3007 ⁸

225 3118 317 3182 facile
352 3118 423 3181 fieri
460 3118 568 3200 potuit
602 3119 639 3181 ut
674 3119 842 3182 contracta
871 3119 904 3181 et
928 3136 966 3180 eo
992 3115 1090 3180 modo
1115 3116 1295 3198 depravata

226 3239 299 3303 sint.
339 3235 440 3300 Versu
468 3238 509 3301 19
534 3238 568 3300 in
593 3236 786 3301 memoriam
802 3231 954 3301 revocato
971 3236 1029 3301 ubi
1046 3237 1121 3318 Sag.
1140 3237 1295 3301 auxilium

126 3399 128 3403 ι
227 3378 324 3422 suum
359 3356 531 3440 pollicetur
565 3355 653 3420 hisce
677 3355 792 3420 <verbis
829 3355 1008 3437 »imperare
1032 3354 1190 3438 oportet’,
1215 3357 1295 3437 puto

229 3497 359 3541 versum
383 3476 427 3539 lu
445 3476 589 3558 aliquam
607 3474 747 3541 formam
758 3474 879 3540 habere
892 3474 1037 3557 potuisse
1050 3474 1126 3538 huic
1139 3473 1294 3538 similem:

274 3597 311 3660 T.
339 3596 445 3660 Sicine
470 3579 599 3677 oportet
624 3598 676 3658 me'
704 3593 762 3658 tibi
786 3593 968 3675 imperare?
992 3592 1024 3656 S.
1048 3592 1135 3670 Quid
1159 3591 1297 3656 faciam?

1024 3710 1073 3788 T.
1111 3710 1252 3791 Rogant
1268 3706 1294 3794 ¹)
1387 3705 1389 3709 ’

275 3832 323 3898 Cl.
360 3808 461 3897 Poen.
499 3833 561 3896 511
592 3833 624 3913 (3
640 3854 647 3896 :
666 3834 678 3896 l
698 3829 765 3915 29).
817 3830 924 3896 Sicine
948 3831 1077 3912 oportet
1104 3829 1151 3892 ire
1175 3828 1297 3892 amicos

221 3953 354 4025 homiui
397 3953 522 4017 amenti
559 3970 694 4034 operam
719 3951 856 4015 datum?
880 3949 977 4014 Merc.
1005 3950 1083 4013 620.
1108 3947 1142 4030 (3
1160 3946 1295 4028 :4:35)

230 4072 369 4155 istuciue
403 4073 452 4135 est
480 4090 614 4152 operam
642 4070 720 4135 dare
744 4069 868 4134 bonum
892 4068 1062 4132 sodalem?

267 4218 285 4278 ¹)
303 4216 332 4269 C.
352 4214 381 4269 F.
401 4217 441 4268 W.
462 4212 563 4268 Miller.
584 4211 624 4267 Pl.
643 4218 711 4283 pros'
724 4229 766 4283 pg.
785 4211 852 4265 4432
872 4210 944 4264 Sieiu
961 4210 1039 4264 teari
1056 4208 1173 4263 hoc-l
