3046 4966
747 542 787 606 41

284 735 356 801 'Ubi
380 752 489 800 rerum
514 734 662 799 omnium
686 735 849 799 bonarum
877 734 1008 816 copiast.
1048 732 1224 799 Scitissime

177 882 180 889 ⁴
281 855 402 938 Le'pide
425 853 511 920 lusit.

279 972 452 1051 certissime
483 973 621 1036 eandem
646 972 889 1037 exclamationis
912 973 976 1036 vim
1000 971 1100 1036 habet
1123 971 1222 1053 atque
1247 990 1300 1034 sa·
1437 1020 1440 1025 ⁴

229 1094 351 1175 aare
375 1112 420 1157 vs.
447 1092 525 1159 cae.

280 1331 346 1396 648
373 1329 409 1417 (4
423 1330 488 1414 ε4ε
515 1329 574 1415 96)
599 1330 637 1395 D.
664 1327 784 1407 Quoius
809 1333 899 1398 modi
923 1332 949 1395 is
974 1333 1007 1396 in
1026 1329 1148 1413 populo
1169 1327 1300 1392 habitus

605 1452 677 1515 est?
700 1453 747 1516 Vr.
797 1450 900 1516 Nemo
926 1451 1101 1533 quisquam
1125 1447 1298 1528 acceptior.

231 1570 335 1635 Metro
366 1571 530 1635 indicante
555 1571 607 1634 hic
631 1591 742 1635 versus
766 1572 890 1652 integer
914 1589 980 1634 non
1005 1571 1062 1633 est.
1090 1569 1249 1650 Legatur:

276 1690 313 1754 D.
339 1686 551 1766 Quoiusmodi
575 1691 601 1754 is
625 1691 659 1755 in
684 1688 1007 1773 populosthabitus?
1031 1691 1078 1753 Vi.
1093 1690 1197 1755 Nemo
1209 1693 1298 1775 quis·

997 1828 1096 1890 quam
1125 1811 1297 1893 acceptior.

216 1912 456 1994 'Weidnerr‘rrm
505 1924 738 2004 „Quoiusmodi
773 1930 801 1991 is
836 1927 925 1991 dorni
961 1928 994 1991 in
1031 1928 1181 2011 populo''.
1231 1929 1298 1994 Nec

229 2049 290 2112 hoc
314 2047 532 2112 necessarium
557 2066 617 2112 nec
644 2046 733 2129 quod
756 2045 948 2112 Bitscbetics
971 2047 1067 2122 dedit,
1096 2049 1151 2130 qui
1176 2050 1298 2131 postis

228 2167 380 2232 inseruit:
406 2167 466 2232 dic.

147 2413 152 2424 ’
276 2406 341 2470 662
369 2402 425 2491 (4ε
441 2404 463 2468 4
478 2404 588 2487 3100)
612 2405 720 2469 Lectio
745 2404 899 2471 Saraceni
923 2407 954 2470 et
977 2405 1121 2471 Acidclr'i
1137 2408 1217 2472 haec
1230 2409 1293 2473 est:

275 2524 346 2588 Sne.
396 2524 528 2589 Faciam
561 2525 606 2588 ita
646 2527 682 2589 ut
716 2524 747 2587 te
772 2524 853 2588 velle
877 2524 996 2588 video:-
1025 2526 1061 2589 ut
1085 2544 1185 2605 amaa,
1211 2526 1296 2590 habe

945 2642 1004 2707 tibi
1032 2645 1164 2709 centum
1188 2647 1294 2710 minis.

226 2763 328 2854 Lege:
356 2763 487 2827 Faciam
499 2763 544 2827 ita
566 2765 604 2827 ut
616 2764 647 2827 te
659 2762 740 2825 veile
752 2762 862 2826 video:
877 2761 962 2827 habe
976 2761 1034 2825 tibi
1046 2764 1177 2827 centiim
1187 2765 1294 2830 minis.

225 2874 352 2946 omissis
391 2882 496 2946 verbis
531 2883 589 2946 „ut
624 2877 734 2945 emas''
770 2882 807 2945 ut
845 2882 910 2946 iam
936 2881 1072 2945 Bothius
1095 2881 1185 2961 vidit,
1210 2903 1295 2966 quae

105 3013 107 3017 ·
226 3001 325 3066 verba
349 3021 483 3101 prorsus
506 3000 687 3066 abundant.

273 3239 339 3304 671
366 3237 404 3326 (4
418 3263 426 3305 :
440 3240 462 3304 4
475 3259 482 3304 :
500 3238 582 3324 1⁶21)
606 3240 641 3303 in
654 3238 736 3302 fine:
758 3239 850 3303 Abeo
875 3240 974 3322 atque
987 3241 1159 3331 argentum
1172 3240 1294 3306 adfero.

225 3359 310 3439 Lego
335 3377 410 3422 cum
434 3356 597 3422 Acidalio:
624 3358 734 3440 cetero,
761 3360 798 3423 ut
821 3360 855 3423 in
868 3379 964 3425 versu
976 3360 1199 3443 spur10424:
1218 3361 1294 3425 116.

272 3598 338 3661 683
365 3596 417 3678 (4;
435 3598 455 3662 6
470 3618 476 3662 :
495 3599 525 3681 1)
551 3597 685 3663 Probati
705 3599 756 3663 hic
769 3600 895 3678 argenti
906 3600 983 3663 sunt
996 3600 1163 3680 sexaginta
1176 3601 1293 3665 minae.

224 3716 413 3796 Legendum
453 3719 549 3799 puto:
592 3718 726 3784 Probati
769 3719 895 3801 argenti
931 3718 982 3782 hic
1018 3721 1095 3782 sunt
1129 3719 1296 3799 sexaginta

1187 3838 1295 3902 minae

223 3953 284 4016 nisi
317 3973 392 4019 cum
412 3955 440 4019 A
464 3955 570 4038 legere
595 3956 763 4021 malueris:
801 3956 929 4023 Probae
952 3957 1015 4020 hic·
1029 3957 1154 4038 argenti
1177 3960 1230 4021 cet.

217 4170 220 4175 ⁴
276 4191 341 4255 700
387 4191 502 4273 (4:6:
522 4193 587 4278 18).
636 4190 697 4271 Qui
733 4215 845 4260 versus
881 4196 914 4259 in
952 4178 1192 4278 antiquioribus
1228 4215 1295 4262 non
