3046 4966
755 535 800 594 96

753 725 802 787 IV.

244 885 359 948 Pmur.
387 885 504 950 Buooh.
532 887 593 949 ⁶281
625 888 681 967 (az
701 888 742 949 3:
769 886 848 971 dllz

288 1001 337 1065 Νι.
388 1002 472 1066 Perii
497 1003 612 1067 hercle.
640 1004 769 1067 lembus
792 1004 845 1067 ille
870 1003 949 1067 mihi
975 1001 1074 1066 laedit
1105 1002 1202 1066 latus,

244 1119 344 1200 Lege:

292 1235 338 1302 Ni.
389 1238 474 1302 Perii
500 1239 615 1303 hercle.
643 1239 770 1303 lembus
795 1239 913 1304 lumbos
936 1237 1035 1302 laedit
1060 1238 1088 1302 ts
1112 1237 1202 1300 milri.

758 1433 793 1494 V.

245 1549 361 1612 Puuur.
389 1548 461 1613 Cos.
491 1551 590 1613 3:22
620 1549 682 1612 14:

294 1666 355 1729 Vin
392 1670 527 1732 vocem?
574 1667 628 1732 Cu.
667 1668 761 1732 Sine:
804 1668 890 1743 nolo,
932 1669 958 1731 si
1002 1664 1203 1747 occupatast.
1253 1664 1311 1728 Au.

1123 1782 1227 1847 otium
1253 1781 1311 1845 est.
1351 1821 1353 1825 ·

246 1900 299 1965 Sic
324 1901 509 1983 expleatur:

293 2043 354 2107 Vin
378 2047 515 2108 vocem?
540 2044 595 2110 Cu.
621 2046 714 2110 Sine:
735 2047 821 2125 nolo,
848 2047 874 2109 si
898 2045 1098 2128 occupatast.
1124 2044 1181 2107 Au.
1208 2043 1314 2106 Immo

1073 2162 1102 2225 ei
1127 2161 1231 2225 otium
1255 2160 1316 2222 est.

756 2284 805 2345 Vl.

248 2445 364 2509 Purur.
393 2446 512 2512 clarell.
544 2449 639 2512 121:
669 2452 710 2512 97
738 2453 769 2513 et
795 2451 856 2512 98:

292 2563 393 2645 Coepi
419 2585 531 2630 amare
555 2569 670 2632 eontra
695 2587 754 2648 ego
779 2567 872 2631 illum
897 2569 929 2631 et
952 2567 1005 2631 ille
1030 2578 1092 2630 me.
1119 2567 1173 2629 La.
1199 2564 1314 2628 Omea

837 2686 1013 2749 Selenium.
1063 2685 1107 2747 Si.
1133 2680 1216 2758 Quid
1240 2683 1315 2749 est?

294 2801 348 2864 La.
381 2801 581 2866 Assimulare
604 2822 715 2867 amare
739 2804 876 2884 oportet.
916 2801 1000 2866 Nam
1023 2803 1050 2864 si
1076 2819 1165 2864 ames
1189 2799 1314 2862 extem·

1155 2918 1234 2999 pulo
1258 2922 1314 2982 oet.

247 3034 331 3113 Lege
343 3058 350 3097 :

293 3151 394 3234 Coepi
418 3173 529 3220 amare
553 3159 667 3221 contra
693 3177 751 3238 ego
779 3157 871 3222 illum
896 3158 928 3220 et
953 3155 1006 3218 ille
1030 3175 1093 3219 me.
1119 3154 1173 3218 La.
1199 3110 1315 3217 (lmea

1129 3269 1313 3336 Selenium!
1364 3365 1366 3368 Α

295 3389 339 3456 S1.
377 3390 544 3468 Quidnam
581 3395 653 3457 est?
689 3395 741 3458 La.
776 3391 991 3459 Dissimuldre
1015 3391 1161 3473 oportet;
1187 3393 1263 3454 nam
1289 3389 1316 3452 si

933 3529 1023 3574 ames
1047 3507 1233 3590 extempulo
1257 3511 1313 3571 oet.

745 3626 810 3689 Vll.

250 3794 364 3858 Pium.
403 3791 521 3858 euleu.
548 3793 728 3858 mama:

790 3912 851 3976 HA.
901 3911 945 3974 At
973 3910 1045 3992 pol,
1072 3908 1127 3973 illa
1151 3908 1315 3989 quaedam

295 4028 384 4109 Quae
417 4029 506 4095 illam
543 4030 702 4095 cistellam
739 4031 896 4114 perdidit,
935 4030 1090 4112 quoidam
1123 4026 1221 4108 negat
1245 4043 1314 4089 esse

1133 4145 1222 4227 quod
1247 4143 1312 4207 det.
