3046 4966
735 546 754 607 9
857 505 860 511 .

274 734 328 796 oo.
357 734 386 816 (l
407 757 414 797 :
430 736 469 797 3:
486 735 530 816 8).
555 735 709 799 Antefero
734 736 847 799 ceteris
873 738 1042 802 lectionem
1056 739 1249 803 Camerarii:
1266 739 1292 821 ¹)

276 849 337 915 His
362 854 614 933 cognomentum
639 855 708 918 erat
732 854 821 918 duris
845 856 1058 936 capitonibus.
1182 834 1188 843 ⁸

227 957 418 1050 Rectissime
443 971 530 1034 hunc
555 991 686 1036 versum
711 972 850 1054 explicat
874 975 1060 1042 Ladewtcos
1088 977 1291 1062 (Philologus

231 1087 271 1151 17
297 1108 348 1170 pg.
375 1086 435 1174 44)
461 1092 494 1153 et
518 1089 642 1155 confert
665 1091 771 1156 Plaut.
799 1091 891 1176 Capt.
922 1096 1077 1160 1:1:19
1102 1117 1171 1179 sqq.
1192 1098 1220 1181 ²)

274 1205 314 1270 Et
336 1207 387 1271 hic
411 1207 543 1289 quidem
567 1209 691 1286 hercle,
719 1211 780 1274 nisi
807 1213 863 1293 qui
886 1213 1040 1294 colaphos
1061 1218 1186 1298 perpeti

274 1324 363 1389 Polis
387 1326 549 1407 parasitus
572 1325 742 1410 frangique
766 1331 857 1393 aulas
881 1331 915 1394 in
939 1335 1047 1414 caput,

273 1443 331 1506 Vel
359 1445 450 1508 extra
475 1453 603 1527 portam
628 1447 849 1526 Trigeminam
874 1449 916 1513 ad
936 1470 1067 1515 saccum
1090 1452 1186 1517 ilicet.

229 1562 329 1627 Item:
403 1563 577 1628 Axionicus
621 1564 822 1647 (Athenaeus
881 1569 923 1631 VI
943 1591 950 1632 :
972 1570 1040 1634 239
1066 1570 1120 1656 i.):
1160 1580 1216 1645 Ἀρ.
1233 1584 1290 1639 σ’ἐν

117 1667 121 1679 ¹
229 1693 380 1767 Χαλκιδικῷ
394 1714 484 1766 φησιν.

277 1798 345 1869 ὲ’θτε
360 1818 411 1869 τοῦ
425 1818 587 1887 παρασιτεῖν
599 1824 710 1889 πρῶτον
730 1821 855 1890 ἠράσθην
876 1821 946 1886 μετὰ

284 1935 439 2000 Φιλοξένου,
460 1943 511 2008 τῆς
530 1937 758 2008 Πτερνοκοπίδος,
780 1938 845 1999 ὑέος
859 1937 896 1993 ἔτ’
910 1940 956 2003 ὤν,

278 2045 384 2128 πληγὰς
405 2057 535 2123 ὑπέμενον
555 2058 711 2123 κονδυλίινν,
731 2056 774 2112 καὶ
793 2059 940 2130 τρυβλίων,

280 2179 370 2230 ὀστῶν
391 2197 430 2242 τε,
452 2179 485 2231 τὸ
505 2180 624 2249 μέγεθος
645 2178 792 2244 τοσαύτας,
815 2182 888 2234 ὥστε
906 2201 942 2247 με

279 2317 365 2370 ἐνίοτε
390 2317 583 2391 τούλάχιστον
597 2321 667 2373 ὀκτὼ
682 2317 829 2389 τραύματα
842 2317 923 2392 ἔχειν.

272 2440 318 2507 Cf.
346 2446 530 2525 praeterea:
553 2445 671 2508 Athen.
698 2444 729 2507 6.
749 2444 862 2525 {affl
879 2444 916 2507 Α.
949 2455 1150 2524 ψωμοκόλαφον
1171 2451 1288 2526 δἐἴρηκε
1343 2473 1345 2477 ·

224 2573 335 2645 Δίφιλος
348 2577 376 2628 ἐν
399 2575 488 2646 θησεῖ
505 2575 609 2636 odrae:
1090 2546 1094 2553 ⁸

278 2696 313 2751 Σὲ
335 2696 384 2763 μὲν
405 2697 518 2751 καλοῦσι
539 2697 739 2766 ψωμοκόλαφον
762 2697 907 2767 δραπέτην.

271 2827 373 2891 Multa
411 2827 476 2890 iam
505 2846 525 2889 a
553 2826 637 2906 <viris
661 2825 765 2889 doctis
790 2825 955 2908 disputata
979 2825 1056 2887 sunt
1081 2824 1121 2887 de
1143 2822 1287 2907 versibus

225 2947 267 3011 62
301 2966 362 3029 sqq
399 2943 597 3031 (1:2210).
643 2944 754 3026 Neque
791 2940 850 3025 ego
881 2945 962 3026 puto
994 2962 1049 3006 eos
1078 2960 1176 3005 sanos
1200 2961 1286 3017 esse,

224 3084 330 3147 neque
357 3065 465 3130 adhuc
487 3065 640 3147 cuiqnam
664 3063 834 3144 contigisse
858 3064 895 3127 ut
911 3080 1100 3143 germanam
1115 3059 1287 3124 lectionem

223 3183 414 3248 restituerit
437 3182 563 3265 Operae
588 3183 728 3265 ¹pretium
753 3183 832 3246 mihi
857 3183 961 3259 visum
986 3183 1035 3244 est
1052 3179 1194 3262 proferre
1203 3198 1287 3260 quae

223 3303 285 3381 hac
319 3303 359 3366 de
391 3322 425 3366 re
464 3303 585 3385 scripta
620 3284 699 3366 sunt
722 3322 741 3365 a
761 3302 870 3367 Kistc'o
901 3299 1090 3387 (Specinren
1115 3298 1287 3362 iuridicum

224 3420 415 3500 inaugurale
440 3427 494 3486 cet.
544 3421 738 3486 Daventriae
767 3419 869 3502 1836)
892 3420 953 3506 Pg.¹
978 3421 1021 3483 85
1042 3416 1191 3502 (Adnot.)
1206 3417 1288 3481 „hoc

260 3730 277 3791 ¹)
297 3731 326 3779 R.
346 3700 431 3799 neque
449 3727 653 3798 cognomentum
672 3727 695 3781 is
713 3726 786 3781 duris
803 3727 858 3782 fuit-
872 3725 1048 3798 oepitonibus.
1138 3741 1140 3745 ¹

222 3824 307 3879 Addit
343 3824 371 3878 in
398 3823 491 3878 adnot:
526 3827 648 3895 spectare
677 3822 822 3878 versiculus
839 3822 872 3877 ad
889 3822 1003 3877 alicuius
1019 3821 1156 3893 Capitonis
1174 3818 1287 3883 (Fonteii

223 3919 347 3990 fortasse)
366 3919 490 3987 duritiem
511 3925 537 3974 et
556 3919 584 3973 in
602 3920 676 3974 victu
695 3920 888 3975 continentiam
906 3919 1021 3976 videtur.

257 4013 275 4082 λ)
296 4013 348 4068 His
365 4013 431 4068 locis
451 4011 599 4067 addendos:
620 4013 698 4068 (ture.
716 4013 776 4068 396.
795 4015 860 4086 Lyco
878 4012 921 4079 (ad
938 4012 1152 4079 Curculionemt:

254 4109 323 4164 Nam
351 4107 415 4181 quid
434 4108 461 4164 id
480 4108 561 4164 refert
580 4127 651 4175 mee,
672 4111 713 4163 An
732 4108 792 4164 aula
810 4127 906 4181 quassa
924 4127 983 4164 cum
1002 4110 1090 4164 cinere
1108 4108 1218 4163 effossus
1238 4109 1288 4165 siet

225 4213 269 4268 (sc.
288 4204 338 4259 tibi
357 4204 468 4268 oculus.)
1087 4206 1089 4210 '
