3046 4966
755 531 772 593 7

231 723 318 786 hisce
342 720 447 784 verbis
474 706 587 784 „Habe
611 720 723 784 bonam
748 720 909 813 onimom''
921 724 1117 804 respondet:
1149 722 1296 803 „Quippe

231 859 298 920 ego,
332 840 411 920 quoi
434 838 566 902 libertas
595 839 626 902 in
652 839 776 922 mundo
801 840 924 903 sitast.''
972 840 1120 917 Quorum
1144 850 1230 922 quae
1254 842 1294 906 sit

229 958 392 1023 sententia
415 957 533 1039 probat
557 975 670 1020 versus
693 975 848 1038 sequens:

275 1076 351 1142 Sra.
398 1075 466 1156 Ego
503 1077 534 1139 te
563 1075 713 1140 servabo,
747 1075 802 1140 Er.
827 1075 950 1158 Edepol
974 1097 1016 1142 ne
1039 1077 1084 1141 illi
1109 1076 1241 1152 melius
1268 1081 1294 1143 si

1050 1197 1160 1260 nancti
1185 1197 1290 1262 fuant.

190 1398 192 1403 Ι
230 1315 300 1378 Hoc
336 1313 408 1377 loeo
444 1331 580 1377 revera
605 1312 755 1377 „libertos
779 1315 814 1376 in
837 1313 954 1377 mando
980 1312 1090 1385 altorff
1114 1314 1291 1394 signifieat:

171 1482 175 1490 .
234 1451 303 1496 „res
340 1419 498 1517 libertatis
537 1450 628 1494 meae
668 1433 717 1495 est
755 1431 865 1506 dubia,
907 1431 1061 1506 incerta,”
1100 1433 1149 1496 vel
1186 1434 1294 1514 potius

230 1549 343 1616 „nulla
357 1549 499 1643 omnino
523 1568 596 1630 spes
620 1547 777 1614 libertatis
802 1550 881 1613 mihi
906 1550 974 1613 est'
985 1548 1020 1631 ¹).
1047 1552 1090 1615 At
1114 1571 1152 1615 ea
1169 1552 1292 1632 signifi·

228 1669 313 1732 catio
337 1687 404 1731 non
429 1668 573 1732 nascitur
597 1687 614 1731 e
638 1667 737 1731 verbo
762 1669 832 1750 ipso
856 1670 912 1731 sed
937 1687 977 1732 ex
1000 1671 1098 1734 modo
1119 1689 1184 1752 quo
1198 1670 1291 1733 effer-

230 1783 304 1851 tur(
340 1786 464 1851 Ironice
501 1786 587 1859 dicit,
625 1788 662 1850 ut
684 1787 750 1850 iam
774 1807 794 1850 a
819 1787 980 1851 Gronovio
1005 1788 1199 1853 adnotatum
1225 1791 1290 1853 est:

227 1907 334 1972 Ironia
359 1904 492 1970 servilis.
518 1905 628 1970 Habeo
653 1907 751 1969 etiam
775 1905 956 1971 Boscot-
980 1907 1015 1972 J.
1040 1907 1125 1972 Bria
1140 1908 1292 1990 (Anzeige

227 2047 289 2091 von
315 2028 352 2091 P.
378 2023 592 2106 Langen’s
616 2016 788 2104 Beitrttgen
813 2043 871 2088 zur
892 1996 1000 2090 ¹llritik
1025 2027 1092 2090 und
1109 2026 1292 2108 Erkltirung

226 2145 283 2209 des
307 2145 455 2223 Plautus,
480 2145 514 2208 in
539 2144 602 2207 den
632 2142 762 2206 »Neuen
786 2143 1033 2207 Jahrbiiohern''
1060 2143 1162 2228 1881)
1176 2164 1230 2227 pg.
1247 2147 1290 2210 50

226 2265 304 2328 item
340 2263 415 2344 legit
439 2262 544 2339 labeo,
585 2261 642 2325 sed
666 2260 762 2342 longe
785 2261 878 2325 aliter
902 2262 943 2326 de
966 2263 1201 2343 significatione
1225 2260 1299 2329 dis?

226 2355 328 2466 putat.
385 2379 612 2455 „Toxilus”
636 2381 743 2462 inquit
772 2383 957 2446 „sexcentos
973 2401 1126 2447 nummos
1150 2384 1290 2465 aSaga-

230 2503 380 2565 »ristione
403 2500 464 2563 sihi
484 2487 688 2577 ¹commodari
713 2500 820 2582 cupit3
846 2501 1063 2585 quodicente
1087 2522 1121 2565 se
1145 2502 1195 2567 Iro
1221 2522 1290 2566 esse

232 2620 486 2702 pauperiorem,
519 2617 561 2683 ab
597 2629 635 2682 eo
660 2619 750 2701 petit,
777 2621 813 2683 ut
836 2619 917 2683 illud
941 2622 1112 2701 argentum
1127 2623 1288 2686 ‘mutuum

232 2741 374 2813 sumat,
417 2758 452 2802 se
490 2740 598 2821 ipsum
638 2738 704 2801 iam
739 2739 926 2819 expertum,
952 2737 1031 2801 nihil
1055 2738 1285 2821 impetravisse.

231 2857 332 2923 „Cum
357 2858 455 2939 igitur
478 2857 655 2938 Sagaristio
679 2876 714 2920 se
729 2876 798 2921 rem
821 2876 891 2920 esse
915 2859 1118 2921 tentaturum
1135 2858 1286 2931 ostendit,

232 2978 319 3042 „fieri
357 2996 452 3059 posse
492 2979 529 3041 ut
569 2976 630 3040 sibi
669 2976 801 3040 fortuna
840 2975 955 3039 melius
994 2975 1110 3052 faveat,
1154 2976 1289 3040 Toxilus

230 3096 369 3178 „pergitz
409 3094 554 3177 „Nempe
591 3093 697 3158 habeo
732 3095 768 3158 in
803 3083 956 3158 mund0”'
987 3095 1007 3159 i.
1034 3114 1061 3158 e.
1086 3095 1132 3158 ita
1156 3094 1287 3175 quidem

124 3270 125 3273 ,
229 3215 384 3296 ‚pecunia
407 3214 487 3278 mihi
510 3215 640 3296 praesto
665 3215 723 3289 est,
749 3214 879 3278 tantum
903 3232 969 3278 non
994 3233 1095 3277 manu
1120 3215 1234 3289 teneo;
1250 3232 1287 3277 ac

124 3346 134 3368 ·
228 3335 271 3397 „si
296 3334 427 3408 diceret,
454 3332 706 3414 Sagaristionem
730 3311 944 3397 hauddubie
967 3333 1139 3413 argentum
1158 3331 1286 3396 conlec-

225 3454 357 3516 „turum
388 3451 515 3533 ipsique
539 3451 823 3515 commodaturum
852 3469 930 3514 esse.
981 3450 1068 3513 Tum
1092 3450 1285 3529 Sagaristio,
1382 3502 1387 3526 ,

227 3590 320 3634 „eum
355 3569 545 3644 admonens,
581 3570 628 3633 „si
652 3569 685 3633 id
714 3568 802 3632 domi
826 3571 910 3632 esset
933 3567 1032 3633 mihi’'
1056 3569 1171 3651 inquit,
1200 3569 1285 3633 »iam

226 3686 431 3771 „pollicerer”
469 3689 489 3752 i.
528 3709 553 3752 e.
581 3709 623 3754 ne
644 3689 781 3752 nimium
805 3688 946 3751 confisus
970 3688 1013 3751 sis
1037 3707 1106 3751 rem
1129 3688 1175 3751 ita
1199 3687 1283 3751 fore:

226 3808 270 3870 „si
295 3807 383 3871 domi
407 3807 486 3871 mihi
511 3808 603 3881 esset,
630 3808 758 3871 utnon
783 3808 841 3882 est,
866 3807 932 3870 iam
957 3806 1015 3870 tibi
1040 3805 1239 3888 pollicerer.''

256 4073 273 4131 ¹)
300 4069 455 4125 uLibertas''
482 4067 533 4123 hoc
559 4067 619 4134 loco
636 4072 741 4123 tantum
760 4067 837 4122 modo
856 4067 1017 4122 contrarium
1037 4070 1078 4120 est
1104 4073 1160 4140 epi:
1180 4065 1208 4119 in
1226 4082 1284 4148 oar-

222 4191 308 4228 oerem
327 4170 420 4226 conici.
