3046 4966
692 543 733 606 73

179 733 256 798 abil.
308 736 381 814 Quo
418 735 504 800 facto
540 733 686 804 videmus
723 734 928 799 Saturionem
954 736 986 799 iu
1012 753 1143 799 scenam
1167 755 1243 819 pro-

178 854 332 918 deuntem
356 854 479 919 verbis:
510 853 595 918 ‚Nisi
620 873 679 936 ego
705 852 824 918 illunc”
840 859 894 919 cei.
914 854 1130 920 Nihilominus
1146 875 1243 920 scena

176 975 289 1038 nostra
326 970 387 1059 (vs
427 971 510 1057 728)
545 950 682 1054 legimus
717 972 883 1037 Saiunoni
919 975 990 1038 turn
1015 974 1147 1038 lurbam
1174 994 1243 1039 esso

176 1093 370 1172 faciendam,
407 1112 482 1158 cum
518 1092 672 1156 Toxilum
707 1110 781 1156 cum
806 1091 924 1157 lenoue
952 1093 1093 1175 colloqui
1116 1094 1242 1158 viderit.

177 1211 266 1309 Quo
286 1213 368 1277 nihil
402 1211 637 1294 repugnantius
673 1211 810 1276 inveniri
844 1231 937 1296 posse
970 1231 1066 1276 nemo
1091 1214 1140 1276 esi
1164 1213 1243 1297 quin

177 1331 295 1396 videat.
664 1376 668 1384 -

187 1491 190 1499 ·
224 1448 308 1513 Fieri
343 1449 451 1531 poluit
487 1450 524 1514 ul
559 1470 604 1514 vs.
645 1451 710 1516 727
747 1452 780 1516 el
814 1451 879 1515 728
912 1451 974 1514 hoc
998 1450 1070 1514 loco
1094 1469 1243 1534 perverse

178 1568 306 1652 repetiti
330 1569 399 1632 sint·
420 1586 459 1631 ex
482 1588 580 1633 scena
603 1570 747 1635 secunda
772 1571 864 1634 actus
887 1571 995 1651 quarti
1010 1569 1088 1652 (467
1106 1569 1242 1654 stunc),
1327 1603 1329 1607 >

178 1687 234 1751 ubi
261 1687 382 1769 optime
406 1687 448 1750 ad
472 1690 669 1753 senlenliam
693 1689 908 1753 conveniunt:
933 1708 1040 1771 neque
1064 1690 1175 1771 aulem
1199 1689 1244 1752 sic

177 1824 228 1870 res
252 1807 330 1870 salis
354 1807 526 1888 perspicua
550 1809 606 1872 esi.
633 1807 694 1891 (Cf.
720 1807 920 1872 Ludewicum
942 1809 973 1872 el
1003 1807 1190 1890 Goenmm.)
1320 1835 1322 1839 ¹

223 1925 291 1989 ursi
320 1925 408 1990 bunc
441 1925 548 1992 locum
573 1928 658 1992 inter
681 1927 917 1992 controversias
942 1928 1148 2006 enumeravi,
1174 1927 1244 1991 fieri

178 2063 326 2127 quoque·
344 2046 451 2127 potest
488 2047 524 2110 ui
561 2065 671 2110 versus
706 2046 889 2128 perturbati
921 2048 1002 2122 sini,
1028 2045 1244 2128 quamobrem

178 2163 250 2227 vide
275 2183 355 2228 num
379 2165 460 2229 hacc
484 2165 643 2248 placeant.
687 2166 734 2230 El
756 2165 845 2246 quod
869 2165 1007 2246 legimus
1032 2185 1058 2230 v.
1086 2166 1152 2230 727
1170 2165 1244 2247 posi

178 2287 340 2364 conspecto
372 2284 501 2347 lanium
525 2285 712 2349 coniectura
734 2285 783 2349 esi
805 2284 942 2349 Acidalii
965 2304 1072 2369 neque
1095 2285 1129 2349 in
1153 2283 1244 2348 libris

177 2400 310 2482 legitur:
349 2401 447 2483 igilur
482 2402 645 2468 deleatur·
664 2409 709 2478 ei,
744 2404 775 2468 el
799 2404 1050 2486 interpungalur
1073 2404 1148 2487 posi
1171 2423 1244 2466 cou-

122 2515 129 2521 ’
178 2523 301 2601 specio,
341 2518 422 2606 (non
458 2523 533 2603 posi
568 2523 663 2608 turcl:
701 2527 768 2589 iace
802 2523 1020 2604 coniungatur
1048 2541 1123 2586 cum
1149 2540 1243 2585 versu

176 2639 341 2719 proximo,
365 2659 431 2723 quo
454 2639 540 2706 facio
564 2640 692 2723 plenius
714 2643 788 2724 posi
812 2641 956 2725 conloqui
981 2642 1239 2724 interpungaiur.

86 2798 89 2804 -
177 2758 351 2823 Praeterea
380 2760 446 2823 729
473 2763 504 2823 ei
529 2761 595 2824 730
620 2761 749 2825 inverso
773 2761 886 2826 ordine
911 2759 1112 2843 scribantur,
1137 2760 1183 2823 ila
1208 2759 1244 2822 ul

179 2879 267 2943 lotus
291 2879 382 2942 locus
406 2879 458 2943 hic
482 2879 528 2943 sic
551 2879 695 2960 legatur:

225 2999 262 3063 T.
291 2999 398 3075 Hem,
424 2998 571 3074 Silurio,
597 2999 663 3062 exi:
691 3001 779 3091 nuno
803 2999 852 3062 esi
876 2996 931 3062 illu
957 2998 1082 3063 occisio

287 3119 459 3182 Inimicum
484 3118 604 3182 ulcisci.
631 3118 703 3183 Sur.
731 3116 821 3183 'Ecce
846 3137 916 3181 me:
934 3116 1095 3198 numquid
1112 3119 1245 3180 moror?
1280 3117 1282 3122 ’

167 3270 170 3276 ·
225 3237 262 3301 T.
289 3238 358 3315 Age
381 3236 458 3301 illuc
482 3238 621 3302 abscede
645 3238 758 3320 procul
783 3257 801 3301 e
825 3237 1012 3319 conspectu.
1038 3235 1125 3300 Tace

287 3356 351 3420 Ubi
373 3358 449 3437 crim
473 3356 592 3423 lenone
615 3361 667 3422 me
691 3357 813 3421 videbis
837 3356 1001 3438 conloqui,
1128 3423 1133 3430 ,

287 3478 398 3556 Tunc,
437 3477 570 3559 quondo
606 3477 797 3540 abiero...
824 3474 897 3539 Sir.
936 3472 1022 3551 Quin
1045 3471 1156 3536 iaces?
1180 3471 1246 3534 scio

373 3566 379 3581 ⁴
1051 3590 1130 3673 quid
1155 3588 1243 3652 velis

225 3719 264 3784 T.
291 3718 378 3782 Tum
406 3717 538 3781 turbam
561 3711 669 3779 facito.
696 3713 769 3778 Sur.
795 3711 926 3777 Dictum
941 3711 1088 3810 sapienti
1112 3711 1161 3772 sai
1186 3708 1244 3771 esi.

225 3957 288 4020 IV:
304 3957 335 4021 8.
352 3951 479 4040 κ(731).
516 3953 590 4017 Non
626 3971 761 4035 possum
792 3953 872 4034 quin
898 3952 938 4016 de
962 3950 1024 4014 hac
1047 3967 1144 4012 scena
1169 3947 1246 4010 sub-

179 4075 318 4140 scribam
354 4075 473 4139 iudicio
500 4060 677 4140 Goetzii
713 4072 770 4156 qui
804 4072 825 4135 l.
851 4071 872 4136 l.
897 4089 950 4153 pg.
986 4069 1047 4133 301
1076 4066 1156 4132 haec
1181 4064 1247 4129 lere

178 4195 288 4261 habet.
320 4195 511 4263 „Praeterea
534 4213 578 4258 vs.
605 4194 673 4258 731
695 4211 765 4276 sqq.
785 4193 954 4272 tantopere
971 4188 1117 4253 centonis
1134 4205 1247 4270 aspec-
