3046 4966
743 517 785 578 39

276 707 353 771 560
381 704 453 771 'Ubi
477 707 618 773 ederunt
642 708 850 790 centumplex
873 729 992 785 murus
1011 709 1109 774 re'bus
1129 711 1297 774 servandis

1084 830 1243 911 parumst.
1272 829 1298 913 ¹)

276 1011 343 1080 563
370 1012 560 1100 (42l214)
591 1015 627 1079 D.
655 1014 762 1079 Verba
787 1016 919 1098 quidem
944 1016 1033 1081 haud
1058 1017 1187 1082 indocte
1211 1017 1296 1083 fecit.

567 1134 606 1198 T.
634 1132 689 1197 'Ex
715 1135 804 1199 tuo
796 1154 932 1217 inquam
957 1138 1072 1200 usust:
1100 1155 1171 1200 erne
1199 1136 1294 1208 hano.

229 1255 294 1318 Pro
330 1223 454 1334 quidem
488 1252 558 1332 lege
594 1212 733 1334 equidem
768 1254 902 1336 propter
931 1255 1080 1318 vitiosam
1104 1254 1222 1336 dactyli
1248 1255 1297 1318 di·

230 1371 401 1435 visionem.
429 1389 467 1434 ea
491 1369 630 1434 mutatio
656 1369 733 1433 alibi
759 1371 801 1434 ab
826 1371 896 1435 aliis
924 1371 1010 1437 facta
1036 1375 1092 1436 est.

276 1565 342 1628 608
368 1583 436 1646 sqq.
454 1563 490 1648 14
503 1586 510 1626 :
525 1564 546 1626 d
560 1585 568 1627 ι
583 1564 626 1627 66
641 1562 734 1645 sqq).
762 1563 835 1627 Non
862 1565 995 1628 ornnino
1021 1581 1096 1628 curn
1132 1564 1298 1630 Ritsclrelii

229 1683 455 1747 distributione
480 1682 685 1745 consentiens
708 1683 856 1764 proxima
880 1683 925 1746 sic
950 1683 1123 1747 distributa
1147 1686 1180 1746 et
1203 1683 1297 1747 intel·

229 1801 314 1866 lecta
338 1800 441 1865 velim.

275 1921 341 1985 608
367 1920 447 1984 Tor.
499 1918 683 1983 Curatout
671 1919 853 2001 tpraedati
881 1920 992 2001 pulcre
1017 1919 1059 1984 ad
1088 1922 1193 1985 eastra
1218 1941 1297 1986 oon·

1033 2116 1037 2127 ,
1115 2040 1296 2104 vertamini.

229 2159 319 2223 Haec
354 2157 453 2222 verba
490 2157 625 2220 Toxilus
649 2157 767 2238 pressis
795 2156 895 2220 labris
918 2158 960 2222 ad
990 2154 1240 2238 Sagaristionem
1266 2163 1298 2224 et

230 2278 393 2360 virginem.

229 2398 315 2461 Tum
352 2418 387 2460 vs
424 2400 501 2464 610.
528 2399 608 2463 Tox.
636 2395 724 2460 clara
749 2414 827 2459 voce
854 2395 896 2459 ad
920 2395 1193 2476 Sagaristionem:
1225 2417 1296 2460 oon·

229 2514 421 2582 6661666166.ι
445 2519 511 2582 inm
534 2538 587 2600 eqo
610 2516 701 2581 illum
712 2514 878 2580 adducam.
893 2514 1028 2578 Toxilus
1045 2515 1298 2603 Sagaristionem

228 2635 376 2716 paullum
401 2636 557 2701 decedere
581 2636 679 2710 iubet,
707 2635 800 2717 quasi
827 2635 871 2699 sio
895 2635 970 2699 leno
992 2634 1124 2698 liberius
1148 2637 1300 2700 cumvir-

227 2754 300 2833 gine
331 2754 483 2837 conloqui
507 2756 633 2836 posset:
660 2752 703 2818 ob
729 2754 868 2817 eandem
892 2772 1026 2818 oausam
1049 2754 1118 2835 ipse
1142 2754 1298 2834 virginem

227 2873 267 2936 ed
305 2873 456 2937 lenonem
493 2873 590 2938 ducet
616 2871 776 2958 (nequid
803 2874 927 2937 interea
952 2871 1128 2953 Sagaristio
1154 2875 1186 2938 et
1209 2874 1299 2956 virgo

226 2992 310 3055 inter
344 3012 378 3056 se
415 3011 611 3074 componere
642 2989 799 3076 possint:)
827 2991 879 3054 cui
901 2990 1061 3073 Soqerist'
1049 3012 1079 3055 ro
1103 2992 1297 3075 respondet:

150 3170 157 3179 .
226 3113 295 3201 Aqe
330 3116 466 3177 utrem
505 3125 569 3176 esse
604 3112 640 3175 in
675 3115 945 3192 corrumperes.
995 3112 1160 3193 Sequatur
1188 3113 1254 3176 609
1269 3111 1297 3197 ²)

260 3327 278 3386 ¹)
297 3319 329 3373 In
350 3316 684 3381 Orationelatinalrebeade
701 3333 718 3368 a
736 3313 766 3368 F.
786 3320 816 3370 H.
837 3313 936 3368 Cuuz·
955 3316 979 3371 d.
990 3317 1219 3387 Ilmnuqusttd.
1230 3318 1299 3371 1862

224 3420 251 3471 ia
274 3416 440 3472 Univerritete
457 3413 636 3467 dridericiaaa
653 3413 727 3466 Helie
744 3427 787 3482 pg.
808 3412 839 3477 6,
859 3404 949 3465 orator
959 3411 1090 3483 scriptura
1102 3411 1166 3467 (lod.
1176 3413 1299 3469 Ambros.

224 3511 343 3584 prolata,
372 3510 437 3564 haee
464 3508 552 3564 addit:
583 3525 689 3569 ,verum
718 3506 789 3578 quod
817 3505 982 3561 Ritschelius
1004 3507 1102 3562 Bothio
1120 3507 1187 3563 duee
1207 3513 1300 3564 eontra

227 3608 359 3669 ,omnium
386 3606 515 3662 librorum
533 3604 719 3660 auctoritatem
737 3603 818 3658 verba
836 3603 959 3668 traiecit,
977 3621 1069 3675 parum
1088 3608 1130 3658 est
1148 3604 1299 3660 verisimile.

214 3704 275 3768 „In
293 3707 400 3776 promtu
418 3707 460 3758 est
478 3701 605 3756 facillima
620 3700 767 3755 medicina:

261 3799 325 3854 ‘Ubi
359 3817 389 3853 ea
420 3799 543 3859 aberunt,
580 3795 750 3868 centumplex
785 3813 875 3850 murus
898 3795 977 3850 rebus
1004 3796 1140 3851 servandis
1171 3801 1298 3869 parumst.

225 3896 390 3967 iPronomen
424 3914 454 3949 ee
489 3914 569 3966 quom
606 3912 777 3950 numerorum
813 3894 866 3966 legi
897 3894 1100 3968 haudquaquam
1129 3894 1296 3962 adversetur,

226 3992 362 4065 ‚equidem
393 3992 552 4047 servandum
581 3995 702 4047 oense0.’'
739 3990 796 4062 Ego
828 4010 857 4046 ea
884 3991 979 4046 amovi.
1007 3990 1122 4046 Videtur
1138 4009 1186 4062 per
1203 3991 1298 4046 vitium

224 4090 443 4162 typographicam
461 4089 552 4144 Cunz
570 4088 678 4143 habere:
699 4090 805 4143 oberunt
821 4104 869 4160 pro
886 4087 1002 4143 6666661.

258 4189 277 4250 ²)
297 4186 329 4241 R.
349 4187 400 4241 609
419 4191 446 4240 61
465 4186 517 4239 610
532 4186 637 4240 inverso
656 4184 747 4239 ordine
764 4184 845 4239 dedit.
