3046 4966
734 498 778 562 dt

195 692 458 770 inveniebatur,
494 692 581 756 hunc
616 690 791 756 Lambinus
827 715 865 759 ex
904 713 991 760 „uno
1027 694 1126 758 veteri
1159 692 1290 759 codice’'

224 811 377 876 inseruit:

269 930 328 994 Do.
378 929 442 994 Sed
466 933 546 994 scire
571 930 716 1008 velimus
742 933 831 1015 quod
857 934 914 998 tibi
937 937 1057 997 nomen
1080 934 1149 998 siet.

270 1030 330 1114 To.
379 1046 463 1125 Ouid
487 1048 603 1113 dt'tinet
626 1069 686 1114 nos
711 1055 819 1117 scire?
851 1054 904 1118 Su.
941 1054 1099 1120 Ausculta
1134 1073 1228 1136 ergn,
1255 1055 1292 1118 ut

1197 1174 1289 1237 scias.
1348 1261 1349 1267 ἵ

225 1291 259 1354 Si
296 1288 452 1354 Lumbino
485 1291 565 1354 fides
602 1292 755 1357 habenda
790 1313 893 1376 eaque
917 1290 1080 1377 scriptura
1098 1271 1319 1358 stabilienda¹

228 1411 294 1488 est,
320 1428 478 1491 personae
507 1410 620 1494 utique
642 1414 812 1478 mutentur
839 1415 872 1479 et
897 1415 942 1477 sic
966 1413 1111 1494 legatur:

267 1529 351 1592 Tox¹
381 1529 445 1593 Sed
467 1532 549 1629 scire
574 1531 728 1609 velimus,
754 1533 843 1614 qudd
868 1532 926 1596 tihi
951 1535 1072 1596 nomen
1096 1530 1164 1594 siet.

270 1648 369 1712 Dono.
397 1644 479 1722 Ouid
508 1649 623 1713 attinet
653 1669 713 1714 nos
740 1655 844 1716 scire?
870 1651 922 1715 Su.
949 1649 1107 1714 Ausculta
1132 1667 1225 1728 ergo,
1254 1648 1293 1711 ut

1197 1768 1289 1831 scias.

224 1887 360 1951 Toxilus
385 1889 528 1952 enimin
552 1890 733 1954 hacscena
758 1891 803 1953 nil
829 1889 976 1955 festinat:
1002 1890 1095 1969 rogat
1120 1884 1179 1973 (vs.
1207 1883 1291 1970 693)

223 2006 493 2086 Sagaristionem:
526 2008 630 2086 „Quid
656 2010 723 2073 tam
740 1988 935 2091 properasrl
952 2007 1075 2072 Deinde
1091 2001 1293 2088 colloquium

223 2126 365 2207 prolatet
390 2124 510 2212 (697):
541 2129 668 2210 „Atque
691 2129 805 2211 edepol
830 2130 864 2193 tu
891 2146 943 2191 me
959 2146 1047 2191 nunc
1064 2123 1293 2190 commonuisti

225 2245 307 2310 haut
342 2244 447 2311 male’'
484 2251 541 2315 cet..
577 2248 718 2334 Lenonis
755 2249 866 2314 autem
902 2249 952 2311 cst
982 2246 1056 2328 post
1094 2244 1293 2326 emptionem

164 2336 169 2345 ’
223 2365 344 2430 factam
379 2366 458 2430 nihil
495 2366 636 2449 amplius
669 2366 789 2431 hahere
820 2366 908 2449 quod
941 2365 1022 2428 scire
1046 2364 1166 2446 cupiat,
1192 2381 1292 2446 quam

223 2485 265 2548 ob
291 2504 359 2548 rem
390 2480 515 2579 „Quid”¹
534 2485 647 2568 inquit,
680 2486 814 2550 „attinet
832 2505 899 2548 ‚nos
911 2484 1030 2549 scireP''
1055 2484 1177 2547 Verum
1189 2482 1291 2563 Saga-

222 2604 312 2668 ristio
347 2604 404 2685 qui
440 2604 580 2686 amplius
615 2605 765 2667 lenonem
803 2603 944 2667 ludibrio
980 2602 1101 2666 hahere
1126 2601 1215 2683 cupit
1246 2599 1292 2663 nil

223 2725 316 2788 curat
338 2723 464 2786 lenonis
488 2723 604 2802 verba,
634 2723 788 2806 illamque
812 2725 984 2788 nominum
1007 2722 1123 2785 seriem
1147 2718 1292 2802 proferre
1336 2702 1339 2707 ⁴

222 2841 341 2922 incipit.
368 2840 560 2905 Ritsclaelc'os
584 2844 694 2905 autem
720 2844 858 2908 testatur
880 2863 914 2906 se
931 2843 1026 2923 longe
1042 2840 1143 2905 aliurn
1161 2858 1290 2902 versum

222 2960 255 3023 in
280 2961 308 3025 A
333 2960 858 3034 invenisse:Quouusrrmruouuu1
864 2980 963 2998 ·····
988 2979 1162 3036 Quoororm
1175 2996 1219 3006 —-
1246 2995 1289 3004 —

221 3079 317 3143 Hunc
350 3099 480 3145 versum
503 3082 697 3146 lacunosum
720 3082 823 3163 magis
848 3081 1027 3145 sententiae
1051 3099 1151 3163 quarn
1176 3078 1290 3142 litteris

221 3199 437 3280 satisfaciens,
463 3201 507 3265 sic
531 3200 684 3290 explevit:
741 3249 743 3252 Α

267 3319 325 3384 Do.
353 3315 445 3395 Quod
458 3319 576 3385 esttibi
589 3323 735 3384 nomen?
751 3321 803 3385 Su.
819 3319 945 3384 Nomen
957 3337 1041 3401 quor
1053 3320 1088 3383 tu
1101 3318 1289 3401 quaeritas?

221 3456 281 3501 nec
294 3437 486 3521 quisquam,
500 3440 632 3521 opinor,
650 3440 832 3503 secundum
856 3440 915 3503 has
939 3439 1090 3522 reliquias
1115 3439 1289 3503 verborum

220 3556 330 3621 locum
347 3558 502 3622 restituet.
524 3557 735 3640 Quapropter
752 3577 840 3622 nunc
857 3559 990 3646 quidem
1003 3560 1148 3641 praestat
1160 3559 1288 3622 Lamu-

219 3697 298 3742 num
313 3677 421 3760 sequi,
437 3677 536 3742 cuius*
546 3677 769 3742 testimonium
781 3678 821 3741 de
841 3680 965 3743 „vetere
978 3657 1106 3741 codice”
1118 3697 1185 3742 non
1198 3680 1289 3760 parvi

220 3795 405 3861 faciendum
430 3799 495 3875 est,
521 3799 558 3862 ut
578 3800 715 3880 apparet
737 3799 770 3861 in
798 3817 863 3862 var.
888 3798 961 3863 lect.
986 3797 1028 3861 ad
1052 3797 1110 3862 IV:
1137 3797 1251 3862 4:70.

270 4034 335 4103 720
376 4035 409 4100 et
435 4035 496 4100 7⁶21
530 4033 696 4120 (4:7:9‚
723 4033 781 4118 10)
807 4037 847 4100 R.
873 4036 936 4100 sic:
1053 4024 1057 4032 ¹

908 4159 984 4220 noim
1010 4158 1041 4220 te
1065 4157 1150 4220 sensi
1173 4157 1286 4221 sedulo
