3046 4966
684 572 723 635 61

173 765 283 830 uidam
315 768 347 831 et
380 766 543 830 Libanum
576 763 713 837 texitur,
751 761 916 844 quomodo
949 759 1003 824 ille
1026 780 1064 824 ex
1089 759 1234 824 Leonida

172 884 296 949 Saurea
319 884 459 964 futurus
484 887 518 949 et
541 882 714 966 pecuniam
737 900 757 947 a
781 881 962 944 mercatore
986 898 1045 961 pro
1069 879 1169 944 asinis
1193 879 1236 943 sit

171 1005 374 1086 accepturae.

215 1122 251 1186 In
279 1122 398 1188 (lomna
423 1122 469 1204 (Iz
488 1123 520 1206 1)
544 1120 741 1203 colloquium
755 1119 878 1184 habent
896 1119 961 1182 duo
978 1117 1061 1181 servi
1078 1117 1238 1183 Chalinus

170 1243 202 1306 et
241 1240 408 1324 Olympio,
447 1260 512 1323 quo
548 1239 711 1322 colloquio
746 1239 865 1322 partim
901 1239 966 1303 iam
1003 1238 1235 1324 argumentum

168 1359 299 1425 fabulae
322 1361 563 1442 cognoscimus:
591 1359 743 1424 audimus
767 1360 854 1423 enim
878 1360 961 1423 duos
978 1377 1087 1422 servos
1104 1375 1236 1421 conser-
1327 1341 1329 1346 ¹

170 1498 244 1544 vam
279 1481 429 1562 expetere
466 1496 618 1558 uxorem,
655 1497 797 1561 quorum
832 1477 914 1542 alter
945 1497 1086 1557 asena,
1110 1476 1237 1542 altera

170 1597 237 1663 filio
261 1598 353 1663 herili
377 1597 537 1679 allegatus
562 1598 620 1662 est.
1000 1683 1005 1694 1

213 1717 295 1782 Item
329 1716 530 1799 colloquium
565 1716 599 1780 in
634 1713 770 1797 Epidico
808 1716 893 1779 inter
930 1715 1166 1797 Thesprionem
1204 1723 1236 1778 et

168 1834 338 1917 Epidicum
368 1855 428 1900 nos
451 1836 485 1898 in
508 1834 655 1899 fabulam
678 1835 783 1916 ipsam
807 1834 984 1898 introducit
1014 1833 1133 1919 (1:1):
1160 1852 1236 1915 cog-

168 1955 331 2019 noscimus
355 1954 459 2018 filium
481 1953 617 2018 herilem
640 1953 899 2035 peregrinantem
924 1953 1054 2017 rediisse
1067 1954 1100 2016 et
1126 1972 1236 2017 secum

167 2072 340 2137 adduxisse
375 2073 539 2155 captivam
574 2071 868 2148 adulescentulam,
908 2091 1009 2154 quam
1045 2072 1088 2136 de¹
1112 2073 1235 2155 praeda

166 2193 330 2257 mercatus
353 2193 412 2273 sit,
438 2210 539 2274 quarn
564 2190 606 2255 ad
629 2209 699 2254 rem
715 2191 888 2272 pecuniam
905 2191 1027 2256 Thebis
1045 2192 1088 2258 ab
1105 2193 1235 2258 danista

167 2309 298 2375 foenore
322 2312 512 2393 sumpserit:
531 2310 654 2391 Epidici
671 2328 740 2372 esse
752 2301 789 2373 ut
801 2310 886 2374 hanc
899 2312 1072 2392 pecuniam
1083 2312 1235 2377 alicunde

167 2414 273 2507 eruat,
313 2450 453 2514 eumque
480 2429 632 2495 audimus
656 2430 846 2511 querentem
881 2431 970 2513 quod
1002 2450 1115 2496 omnes
1141 2431 1233 2496 dolos

166 2550 242 2614 ante
266 2551 407 2614 structos
432 2549 474 2614 ad
498 2568 610 2613 senem
633 2548 708 2612 bolo
734 2547 933 2628 tangendum
959 2549 1079 2615 trustra
1103 2550 1233 2616 luerint.

211 2668 344 2733 Initium
379 2667 596 2733 Mostellarice
630 2687 761 2750 quoque
795 2667 995 2750 colloquium
1023 2670 1123 2734 habet
1148 2671 1232 2735 inter

166 2787 249 2850 duos
283 2805 392 2851 servos
427 2786 638 2852 Grumionem
673 2788 705 2851 ct
741 2786 959 2865 Tranionem‚
993 2807 1105 2852 verum
1129 2808 1232 2871 aeque

166 2905 265 2986 atque
298 2905 332 2968 in
352 2905 510 2987 Epidico,
536 2925 574 2971 eo
599 2907 669 2988 ipso
692 2905 726 2970 in
751 2905 881 2971 fabulae
905 2907 1109 2989 propositum
1133 2908 1234 2972 intro·

166 3023 326 3088 ducimur.
378 3025 536 3090 Audimus
572 3024 713 3091 alterum
748 3026 841 3091 alteri
876 3026 1003 3091 obicere
1038 3027 1127 3109 quod
1165 3046 1233 3091 rem

148 3140 356 3206 *familiarem
387 3143 456 3207 heri
481 3144 623 3208 absentis
647 3144 777 3226 perdat,
803 3145 937 3229 eiusque
962 3144 1068 3208 fllium
1088 3165 1236 3210 corrum-

165 3261 238 3343 pat3
263 3261 307 3324 sic
336 3262 487 3326 notitiam
510 3263 716 3346 assequimur
739 3264 821 3328 vitae
851 3266 883 3328 et
900 3283 1030 3328 morum
1049 3264 1105 3329 filii
1125 3266 1233 3331 herilis

159 3392 250 3464 quae
274 3381 382 3461 magni
406 3383 563 3446 momenti
586 3384 664 3447 sunt
687 3383 729 3448 ad
753 3384 858 3466 ipsam
881 3382 1048 3469 fabulam.
1074 3371 1075 3375 ¹

212 3499 317 3563 Scaua
352 3500 446 3564 tertia
481 3501 573 3565 actus
612 3502 746 3566 secundi
783 3501 898 3567 Militis
931 3501 1061 3586 gloriosi
1085 3501 1232 3568 festivam

166 3618 481 3699 argumentationem
517 3621 662 3685 continet
687 3640 754 3703 qua
780 3621 961 3685 Palaestrio
986 3621 1137 3687 Sceledro
1162 3643 1236 3705 per-

165 3737 303 3802 suadeat
337 3757 430 3817 eum,
468 3757 543 3802 cum
578 3739 710 3803 dixisset
745 3759 778 3802 se
814 3740 1092 3805 Philocomasium
1117 3741 1233 3805 vidisse

167 3855 368 3921 osculantem
390 3875 466 3921 cum
490 3857 597 3921 nescio
622 3877 688 3940 quo
712 3858 932 3935 adulescente,
960 3859 1022 3923 hoc
1047 3859 1235 3925 viderenon

103 4047 108 4065 Ι
168 3975 328 4058 potuisse,
364 3976 409 4040 ita
445 3977 482 4040 ut
516 3975 657 4060 denique
693 3977 887 4042 confiteatur
922 3997 975 4056 se,
1009 3978 1069 4043 etsi
1101 3978 1238 4058 viderit,

168 4094 278 4158 tamen
313 4113 380 4158 non
416 4093 551 4170 vidisse,
586 4095 712 4180 sibique
747 4097 816 4160 sine
848 4096 948 4161 dubio
985 4096 1156 4178 caliginem
1193 4097 1236 4162 ob

168 4212 279 4276 oculos
302 4212 473 4276 obstitisse.
522 4213 645 4278 Eodem
656 4217 805 4296 spectant
816 4215 901 4279 duae
917 4234 1033 4279 scenae
1046 4216 1231 4297 sequentes.
