3046 4966
741 523 785 586 68

222 713 365 777 Dordalo
390 732 484 778 suam
508 714 650 779 vendere
673 716 706 778 et
729 733 830 778 manu
844 715 989 794 mittere;
1017 735 1127 799 neque
1141 717 1194 780 alii
1211 736 1297 796 eam,

222 834 288 896 iem
324 833 461 897 liberam
496 834 558 898 sibi
590 834 753 898 vindicare
777 835 940 915 poterant.
991 830 1098 909 Quare
1122 833 1203 897 nihil
1227 834 1300 898 erat

221 952 346 1016 secreto
371 972 462 1035 opus

186 1244 189 1252 .
268 1191 331 1256 IV:
349 1193 378 1256 1.
419 1192 553 1257 Toxilus
582 1192 616 1256 in
640 1211 772 1256 scenam
796 1192 906 1274 prodit
929 1191 1084 1256 fiduciam
1102 1190 1206 1259 ,s'uam
1229 1191 1298 1256 elo-

223 1329 327 1393 quens
351 1331 483 1376 omnem
506 1331 585 1390 rem,
611 1310 701 1395 quod
725 1331 799 1375 eam
823 1311 926 1376 facete
951 1313 982 1376 et
1016 1310 1132 1377 callide
1162 1331 1298 1377 exorsus

222 1428 271 1504 sit,
299 1429 380 1493 bene
405 1431 638 1511 proventuram
662 1450 742 1496 esse.
781 1430 1035 1512 Sagaristionem
1058 1429 1145 1495 foras
1171 1432 1296 1510 evocat,

223 1545 281 1632 qui
316 1532 485 1630 virginem
507 1552 658 1618 ornatam
694 1551 726 1615 et
762 1550 906 1626 tabellas
946 1570 1029 1636 quas
1064 1550 1199 1615 Toxilus
1229 1550 1299 1632 ipse

223 1667 435 1748 consignavit,
461 1686 571 1732 secum
597 1669 706 1733 ducat.

222 1784 296 1849 Non
320 1784 412 1850 facile
436 1786 575 1869 explices
599 1788 678 1870 quid
703 1787 764 1851 sibi
789 1787 889 1852 velint
912 1788 1011 1851 verba
1037 1807 1071 1851 vs
1095 1786 1183 1851 461:
1212 1816 1217 1833 ·

270 1901 356 1980 Quas
392 1907 427 1970 tu
463 1907 600 1971 attulisti
631 1908 711 1971 mihi
735 1907 777 1971 ab
802 1907 881 1971 hero
905 1926 979 1995 meo
1005 1926 1108 1990 usque
1133 1926 1150 1970 e
1174 1906 1296 1971 Persia.

580 2103 582 2107 ι
903 2045 904 2048 ’
964 2027 1053 2108 isc:
1082 2023 1231 2110 tabellas)
1259 2005 1306 2109 1).1

223 2144 400 2226 Sagaristio
424 2146 511 2209 enim
535 2145 646 2210 omnia
669 2145 750 2209 falsa
774 2164 844 2208 esse
868 2143 1010 2226 perbene
1034 2145 1165 2210 sciebat.

270 2384 377 2450 lV:2.
427 2384 603 2465 Sagaristio
645 2386 731 2448 toras
766 2385 830 2448 exit
865 2403 941 2447 cum
967 2383 1106 2463 virgine,
1136 2381 1293 2447 =Toxilum

223 2522 343 2585 rogans
378 2503 494 2586 ecquid
525 2503 631 2585 lepide
655 2503 687 2567 'et
711 2502 863 2585 graphice
887 2502 1034 2566 exornati
1059 2501 1133 2564 sint.
1181 2501 1299 2583 lpsea

223 2620 338 2687 Toxilo
364 2623 495 2704 rogatus
519 2641 600 2686 rmm
624 2624 733 2704 partes
757 2640 833 2685 suas
853 2622 936 2686 bene
953 2620 1104 2684 noverint
1122 2619 1299 2701 respondet

223 2760 257 2805 se
297 2745 330 2806 et
354 2742 511 2824 virginem
535 2741 652 2805 melius
676 2761 777 2825 quam
802 2760 915 2805 omnes
938 2740 1079 2804 comicos
1104 2740 1135 2802 et
1160 2738 1300 2819 tragicos

224 2861 397 2926 meditatos
420 2881 499 2926 esse.
546 2860 618 2939 Quo
643 2860 728 2926 facto
753 2859 888 2924 Toxilus
913 2878 988 2923 eum
1016 2858 1128 2923 monet
1152 2857 1185 2920 id
1208 2876 1298 2921 acce·

224 2977 322 3042 dendi
356 2979 486 3060 tempus
510 2977 658 3042 futurum
682 2995 768 3052 esse,
796 2996 871 3041 cum
895 2996 929 3040 se
954 2995 1030 3040 cum
1055 2976 1172 3041 lenone
1196 2976 1298 3041 collo-

224 3098 379 3179 quentem
405 3097 529 3162 viderit.

270 3337 332 3400 lV:
349 3339 379 3403 3.
428 3339 595 3405 Donamus
635 3341 666 3405 et
707 3339 853 3404 Toxnvs.
894 3371 937 3382 -
974 3335 1136 3401 Dordalus
1177 3335 1296 3417 gaudio

117 3442 121 3449 ¹
225 3458 329 3523 elatus
352 3459 441 3540 quod
465 3458 584 3524 ancilla
609 3459 738 3523 vendita
763 3460 819 3536 est,
846 3458 1000 3523 Toxilum
1024 3453 1105 3520 num
1121 3455 1298 3520 iam'Lem·

224 3576 375 3640 niselenis
410 3576 512 3642 libera
547 3579 588 3643 sit
625 3579 803 3660 rogantem,
841 3576 1011 3642 certiorem
1052 3564 1128 3639 facit
1159 3593 1193 3637 se
1225 3592 1299 3637 eam

225 3695 290 3760 iam
331 3716 432 3761 manu
468 3698 620 3762 emisisse.
658 3697 792 3762 Toxilus
828 3697 913 3762 hanc
953 3695 995 3760 ob
1025 3713 1093 3758 rem
1120 3713 1154 3757 se
1183 3691 1299 3774 gratis-

224 3814 345 3879 simum
384 3835 461 3897 erga
499 3817 650 3882 lenonem
685 3817 860 3894 simulans,
893 3815 971 3879 dicit
994 3833 1027 3877 se
1052 3832 1128 3877 eum
1152 3810 1297 3894 praemio

263 4108 279 4166 ¹)
301 4101 449 4156 Ritactctiur
466 4098 498 4153 de
516 4098 669 4153 coniectura
686 4098 757 4152 huuc
777 4114 880 4150 versum
902 4092 993 4149 dedit:
1060 4090 1064 4098 “

261 4197 377 4269 [cher],
399 4213 464 4267 quas
483 4200 513 4249 tu
531 4193 647 4249 attulisti
666 4193 700 4247 mi
721 4210 803 4264 usque
821 4210 836 4245 e
855 4190 956 4245 Persia.
