<?xml version="1.0" encoding="UTF-8"?>
<!DOCTYPE html PUBLIC "-//W3C//DTD XHTML 1.0 Transitional//EN"
    "http://www.w3.org/TR/xhtml1/DTD/xhtml1-transitional.dtd">
<html xmlns="http://www.w3.org/1999/xhtml" xml:lang="en" lang="en">
 <head>
  <title>
</title>
<meta http-equiv="Content-Type" content="text/html;charset=utf-8" />
  <meta name='ocr-system' content='tesseract 3.04.00' />
  <meta name='ocr-capabilities' content='ocr_page ocr_carea ocr_par ocr_line ocrx_word'/>
</head>
<body>
  <div class='ocr_page' id='page_1' title='image "./dissertatiolitt00ijsegoog_0083.png"; bbox 0 0 3046 4966; ppageno 0'>
   <div class='ocr_carea' id='block_1_1' title="bbox 744 509 786 572">
    <p class='ocr_par' dir='ltr' id='par_1_1' title="bbox 744 509 786 572">
     <span class='ocr_line' id='line_1_1' title="bbox 744 509 786 572; baseline -0.048 0"><span class='ocrx_word' id='word_1_1' title='bbox 744 509 786 572; x_wconf 88' lang='lat'>70</span> 
     </span>
    </p>
   </div>
   <div class='ocr_carea' id='block_1_2' title="bbox 166 698 1333 2568">
    <p class='ocr_par' dir='ltr' id='par_1_2' title="bbox 226 698 1333 1974">
     <span class='ocr_line' id='line_1_2' title="bbox 230 698 1298 782; baseline -0.008 -13"><span class='ocrx_word' id='word_1_2' title='bbox 230 704 420 780; x_wconf 82' lang='lat' dir='ltr'>conferunt3</span> <span class='ocrx_word' id='word_1_3' title='bbox 445 702 499 766; x_wconf 92' lang='lat' dir='ltr'>ille</span> <span class='ocrx_word' id='word_1_4' title='bbox 523 700 599 765; x_wconf 88' lang='lat' dir='ltr'>huio</span> <span class='ocrx_word' id='word_1_5' title='bbox 624 700 727 782; x_wconf 88' lang='lat' dir='ltr'>magis</span> <span class='ocrx_word' id='word_1_6' title='bbox 751 699 919 782; x_wconf 83' lang='lat' dir='ltr'>magisque</span> <span class='ocrx_word' id='word_1_7' title='bbox 942 699 1059 765; x_wconf 87' lang='lat' dir='ltr'>suadet</span> <span class='ocrx_word' id='word_1_8' title='bbox 1082 700 1119 764; x_wconf 93' lang='lat' dir='ltr'>ut</span> <span class='ocrx_word' id='word_1_9' title='bbox 1142 698 1298 779; x_wconf 78' lang='lat' dir='ltr'>virginem</span> 
     </span>
     <span class='ocr_line' id='line_1_3' title="bbox 230 795 1299 900; baseline -0.008 -12"><span class='ocrx_word' id='word_1_10' title='bbox 230 823 318 887; x_wconf 89' lang='lat' dir='ltr'>emat</span> <span class='ocrx_word' id='word_1_11' title='bbox 340 842 422 888; x_wconf 84' lang='lat' dir='ltr'>neve</span> <span class='ocrx_word' id='word_1_12' title='bbox 445 822 507 886; x_wconf 88' lang='lat' dir='ltr'>hoo</span> <span class='ocrx_word' id='word_1_13' title='bbox 532 820 683 885; x_wconf 76' lang='lat' dir='ltr'><strong>fortunae</strong></span> <span class='ocrx_word' id='word_1_14' title='bbox 706 795 940 883; x_wconf 83' lang='lat' dir='ltr'>munusculum</span> <span class='ocrx_word' id='word_1_15' title='bbox 963 818 1122 900; x_wconf 79' lang='lat' dir='ltr'><strong>repudiet.</strong></span> <span class='ocrx_word' id='word_1_16' title='bbox 1169 817 1205 880; x_wconf 92' lang='lat' dir='ltr'>V.</span> <span class='ocrx_word' id='word_1_17' title='bbox 1230 817 1299 880; x_wconf 88' lang='grc'>576</span> 
     </span>
     <span class='ocr_line' id='line_1_4' title="bbox 228 936 1299 1024; baseline -0.007 -18"><span class='ocrx_word' id='word_1_18' title='bbox 228 943 362 1024; x_wconf 89' lang='lat' dir='ltr'>propius</span> <span class='ocrx_word' id='word_1_19' title='bbox 381 941 558 1018; x_wconf 85' lang='lat' dir='ltr'>accedunt,</span> <span class='ocrx_word' id='word_1_20' title='bbox 586 937 817 1021; x_wconf 87' lang='lat' dir='ltr'>nonnullisque</span> <span class='ocrx_word' id='word_1_21' title='bbox 841 936 1151 1018; x_wconf 88' lang='lat' dir='ltr'>interrogationibus</span> <span class='ocrx_word' id='word_1_22' title='bbox 1161 955 1299 1018; x_wconf 88' lang='lat' dir='ltr'>respon-</span> 
     </span>
     <span class='ocr_line' id='line_1_5' title="bbox 228 1057 1299 1143; baseline 0.001 -20"><span class='ocrx_word' id='word_1_23' title='bbox 228 1060 335 1143; x_wconf 88' lang='lat' dir='ltr'>sisque</span> <span class='ocrx_word' id='word_1_24' title='bbox 363 1059 449 1124; x_wconf 93' lang='lat' dir='ltr'>ultro</span> <span class='ocrx_word' id='word_1_25' title='bbox 477 1059 623 1140; x_wconf 83' lang='lat' dir='ltr'>citroque</span> <span class='ocrx_word' id='word_1_26' title='bbox 648 1057 733 1121; x_wconf 89' lang='lat' dir='ltr'>datis</span> <span class='ocrx_word' id='word_1_27' title='bbox 758 1057 920 1133; x_wconf 87' lang='lat' dir='ltr'>convenit,</span> <span class='ocrx_word' id='word_1_28' title='bbox 946 1058 1125 1139; x_wconf 72' lang='lat' dir='ltr'>antequam</span> <span class='ocrx_word' id='word_1_29' title='bbox 1150 1057 1190 1121; x_wconf 91' lang='lat' dir='ltr'>de</span> <span class='ocrx_word' id='word_1_30' title='bbox 1218 1075 1299 1124; x_wconf 86' lang='lat' dir='ltr'>ven·</span> 
     </span>
     <span class='ocr_line' id='line_1_6' title="bbox 228 1176 1298 1260; baseline 0.001 -17"><span class='ocrx_word' id='word_1_31' title='bbox 228 1179 350 1244; x_wconf 76' lang='lat' dir='ltr'>ditione</span> <span class='ocrx_word' id='word_1_32' title='bbox 373 1179 508 1260; x_wconf 88' lang='lat' dir='ltr'>agatur,</span> <span class='ocrx_word' id='word_1_33' title='bbox 535 1178 572 1241; x_wconf 90' lang='lat' dir='ltr'>ut</span> <span class='ocrx_word' id='word_1_34' title='bbox 595 1176 670 1241; x_wconf 91' lang='lat' dir='ltr'>leno</span> <span class='ocrx_word' id='word_1_35' title='bbox 693 1176 851 1256; x_wconf 80' lang='lat' dir='ltr'>virginem</span> <span class='ocrx_word' id='word_1_36' title='bbox 879 1176 1057 1258; x_wconf 89' lang='lat' dir='ltr'>interroget</span> <span class='ocrx_word' id='word_1_37' title='bbox 1081 1176 1122 1240; x_wconf 90' lang='lat' dir='ltr'>de</span> <span class='ocrx_word' id='word_1_38' title='bbox 1145 1179 1298 1254; x_wconf 89' lang='lat' dir='ltr'>nomine,</span> 
     </span>
     <span class='ocr_line' id='line_1_7' title="bbox 227 1294 1300 1381; baseline -0.001 -18"><span class='ocrx_word' id='word_1_39' title='bbox 227 1299 344 1381; x_wconf 86' lang='lat' dir='ltr'>patria,</span> <span class='ocrx_word' id='word_1_40' title='bbox 369 1296 564 1380; x_wconf 88' lang='lat' dir='ltr'>parentibus</span> <span class='ocrx_word' id='word_1_41' title='bbox 588 1295 648 1360; x_wconf 85' lang='lat' dir='ltr'>cet.</span> <span class='ocrx_word' id='word_1_42' title='bbox 675 1294 893 1360; x_wconf 84' lang='lat' dir='ltr'>Festivissime</span> <span class='ocrx_word' id='word_1_43' title='bbox 903 1313 1033 1377; x_wconf 90' lang='lat' dir='ltr'>semper</span> <span class='ocrx_word' id='word_1_44' title='bbox 1043 1295 1086 1360; x_wconf 92' lang='lat' dir='ltr'>ad</span> <span class='ocrx_word' id='word_1_45' title='bbox 1097 1295 1300 1379; x_wconf 88' lang='lat' dir='ltr'>interrogata</span> 
     </span>
     <span class='ocr_line' id='line_1_8' title="bbox 227 1413 1300 1500; baseline -0.002 -18"><span class='ocrx_word' id='word_1_46' title='bbox 227 1417 404 1500; x_wconf 75' lang='lat' dir='ltr'>respondet</span> <span class='ocrx_word' id='word_1_47' title='bbox 438 1435 473 1480; x_wconf 93' lang='lat' dir='ltr'>re</span> <span class='ocrx_word' id='word_1_48' title='bbox 498 1434 574 1479; x_wconf 89' lang='lat' dir='ltr'>vera</span> <span class='ocrx_word' id='word_1_49' title='bbox 598 1413 727 1478; x_wconf 91' lang='lat' dir='ltr'>nullum</span> <span class='ocrx_word' id='word_1_50' title='bbox 751 1414 960 1480; x_wconf 79' lang='lat' dir='ltr'>mendacium</span> <span class='ocrx_word' id='word_1_51' title='bbox 985 1415 1118 1494; x_wconf 81' lang='lat' dir='ltr'>dicens,</span> <span class='ocrx_word' id='word_1_52' title='bbox 1143 1416 1200 1481; x_wconf 89' lang='lat' dir='ltr'>sed</span> <span class='ocrx_word' id='word_1_53' title='bbox 1223 1436 1300 1481; x_wconf 84' lang='lat' dir='ltr'>vere</span> 
     </span>
     <span class='ocr_line' id='line_1_9' title="bbox 227 1531 1299 1612; baseline -0.001 -11"><span class='ocrx_word' id='word_1_54' title='bbox 227 1536 307 1602; x_wconf 89' lang='lat' dir='ltr'>nihil</span> <span class='ocrx_word' id='word_1_55' title='bbox 331 1536 457 1612; x_wconf 82' lang='lat' dir='ltr'>dioens3</span> <span class='ocrx_word' id='word_1_56' title='bbox 483 1536 628 1599; x_wconf 87' lang='lat' dir='ltr'>ceterum</span> <span class='ocrx_word' id='word_1_57' title='bbox 652 1533 750 1598; x_wconf 89' lang='lat' dir='ltr'>verba</span> <span class='ocrx_word' id='word_1_58' title='bbox 774 1532 819 1596; x_wconf 88' lang='lat' dir='ltr'>sio</span> <span class='ocrx_word' id='word_1_59' title='bbox 844 1531 937 1611; x_wconf 83' lang='lat' dir='ltr'>tacit,</span> <span class='ocrx_word' id='word_1_60' title='bbox 963 1534 1002 1599; x_wconf 90' lang='lat' dir='ltr'>ut</span> <span class='ocrx_word' id='word_1_61' title='bbox 1024 1534 1176 1598; x_wconf 92' lang='lat' dir='ltr'>lenonem</span> <span class='ocrx_word' id='word_1_62' title='bbox 1195 1535 1299 1600; x_wconf 85' lang='lat' dir='ltr'>adse</span> 
     </span>
     <span class='ocr_line' id='line_1_10' title="bbox 227 1652 1298 1736; baseline -0.001 -16"><span class='ocrx_word' id='word_1_63' title='bbox 227 1655 400 1721; x_wconf 84' lang='lat' dir='ltr'>emendam</span> <span class='ocrx_word' id='word_1_64' title='bbox 436 1654 584 1735; x_wconf 76' lang='lat' dir='ltr'>instiget,</span> <span class='ocrx_word' id='word_1_65' title='bbox 622 1652 679 1735; x_wconf 90' lang='lat' dir='ltr'>qui</span> <span class='ocrx_word' id='word_1_66' title='bbox 711 1671 751 1715; x_wconf 86' lang='lat' dir='ltr'>ex</span> <span class='ocrx_word' id='word_1_67' title='bbox 785 1671 845 1716; x_wconf 87' lang='lat' dir='ltr'>sua</span> <span class='ocrx_word' id='word_1_68' title='bbox 881 1652 1104 1734; x_wconf 87' lang='lat' dir='ltr'>redemptione</span> <span class='ocrx_word' id='word_1_69' title='bbox 1138 1672 1298 1736; x_wconf 88' lang='lat' dir='ltr'>magnum</span> 
     </span>
     <span class='ocr_line' id='line_1_11' title="bbox 226 1770 1299 1856; baseline 0.001 -18"><span class='ocrx_word' id='word_1_70' title='bbox 226 1775 317 1840; x_wconf 88' lang='lat' dir='ltr'>brevi</span> <span class='ocrx_word' id='word_1_71' title='bbox 354 1775 483 1839; x_wconf 86' lang='lat' dir='ltr'>luorum</span> <span class='ocrx_word' id='word_1_72' title='bbox 522 1773 564 1838; x_wconf 90' lang='lat' dir='ltr'>sit</span> <span class='ocrx_word' id='word_1_73' title='bbox 598 1770 752 1837; x_wconf 87' lang='lat' dir='ltr'>facturus.</span> <span class='ocrx_word' id='word_1_74' title='bbox 792 1771 942 1836; x_wconf 82' lang='lat' dir='ltr'>Tandem</span> <span class='ocrx_word' id='word_1_75' title='bbox 972 1773 1141 1854; x_wconf 83' lang='lat' dir='ltr'>sexaginta</span> <span class='ocrx_word' id='word_1_76' title='bbox 1172 1775 1299 1856; x_wconf 88' lang='lat' dir='ltr'>argenti</span> 
     </span>
     <span class='ocr_line' id='line_1_12' title="bbox 227 1885 1333 1974; baseline 0 -17"><span class='ocrx_word' id='word_1_77' title='bbox 227 1893 324 1957; x_wconf 93' lang='lat' dir='ltr'>minis</span> <span class='ocrx_word' id='word_1_78' title='bbox 348 1892 469 1974; x_wconf 87' lang='lat' dir='ltr'>emptio</span> <span class='ocrx_word' id='word_1_79' title='bbox 494 1891 550 1970; x_wconf 82' lang='lat' dir='ltr'>fit,</span> <span class='ocrx_word' id='word_1_80' title='bbox 575 1910 641 1973; x_wconf 89' lang='lat' dir='ltr'>quo</span> <span class='ocrx_word' id='word_1_81' title='bbox 657 1889 743 1955; x_wconf 87' lang='lat' dir='ltr'>faoto</span> <span class='ocrx_word' id='word_1_82' title='bbox 757 1890 831 1954; x_wconf 92' lang='lat' dir='ltr'>leno</span> <span class='ocrx_word' id='word_1_83' title='bbox 843 1889 912 1956; x_wconf 90' lang='lat' dir='ltr'>abit</span> <span class='ocrx_word' id='word_1_84' title='bbox 924 1891 962 1955; x_wconf 90' lang='lat' dir='ltr'>ut</span> <span class='ocrx_word' id='word_1_85' title='bbox 973 1892 1146 1971; x_wconf 88' lang='lat' dir='ltr'>argentum</span> <span class='ocrx_word' id='word_1_86' title='bbox 1159 1891 1292 1957; x_wconf 85' lang='lat' dir='ltr'>adferat</span> <span class='ocrx_word' id='word_1_87' title='bbox 1329 1885 1333 1894; x_wconf 81' lang='grc'><strong>’</strong></span> 
     </span>
    </p>

    <p class='ocr_par' dir='ltr' id='par_1_3' title="bbox 166 2008 1298 2568">
     <span class='ocr_line' id='line_1_13' title="bbox 272 2008 1298 2093; baseline 0.003 -18"><span class='ocrx_word' id='word_1_88' title='bbox 272 2012 346 2076; x_wconf 90' lang='lat' dir='ltr'>Una</span> <span class='ocrx_word' id='word_1_89' title='bbox 385 2011 517 2093; x_wconf 89' lang='lat' dir='ltr'>quidem</span> <span class='ocrx_word' id='word_1_90' title='bbox 555 2028 606 2074; x_wconf 89' lang='lat' dir='ltr'>res</span> <span class='ocrx_word' id='word_1_91' title='bbox 645 2008 750 2073; x_wconf 89' lang='lat' dir='ltr'>tribus</span> <span class='ocrx_word' id='word_1_92' title='bbox 786 2008 892 2073; x_wconf 89' lang='lat' dir='ltr'>verbis</span> <span class='ocrx_word' id='word_1_93' title='bbox 928 2010 1093 2091; x_wconf 83' lang='lat' dir='ltr'>tangenda</span> <span class='ocrx_word' id='word_1_94' title='bbox 1114 2013 1172 2077; x_wconf 89' lang='lat' dir='ltr'>est.</span> <span class='ocrx_word' id='word_1_95' title='bbox 1210 2012 1298 2078; x_wconf 88' lang='lat' dir='ltr'>Sub-</span> 
     </span>
     <span class='ocr_line' id='line_1_14' title="bbox 226 2127 1295 2211; baseline 0.003 -16"><span class='ocrx_word' id='word_1_96' title='bbox 226 2130 407 2195; x_wconf 89' lang='lat' dir='ltr'>absurdum</span> <span class='ocrx_word' id='word_1_97' title='bbox 444 2131 492 2194; x_wconf 87' lang='lat' dir='ltr'>est</span> <span class='ocrx_word' id='word_1_98' title='bbox 528 2127 638 2193; x_wconf 89' lang='lat' dir='ltr'>lenoni</span> <span class='ocrx_word' id='word_1_99' title='bbox 673 2129 730 2211; x_wconf 92' lang='lat' dir='ltr'>qui</span> <span class='ocrx_word' id='word_1_100' title='bbox 767 2148 805 2192; x_wconf 85' lang='lat' dir='ltr'>ex</span> <span class='ocrx_word' id='word_1_101' title='bbox 842 2129 887 2193; x_wconf 92' lang='lat' dir='ltr'>rei</span> <span class='ocrx_word' id='word_1_102' title='bbox 923 2132 1043 2194; x_wconf 87' lang='lat' dir='ltr'>natura</span> <span class='ocrx_word' id='word_1_103' title='bbox 1067 2150 1134 2196; x_wconf 93' lang='lat' dir='ltr'>non</span> <span class='ocrx_word' id='word_1_104' title='bbox 1158 2132 1295 2198; x_wconf 87' lang='lat' dir='ltr'>nimiam</span> 
     </span>
     <span class='ocr_line' id='line_1_15' title="bbox 225 2247 1296 2345; baseline 0.004 -32"><span class='ocrx_word' id='word_1_105' title='bbox 225 2249 380 2314; x_wconf 81' lang='lat' dir='ltr'>fiduciam</span> <span class='ocrx_word' id='word_1_106' title='bbox 415 2249 586 2312; x_wconf 92' lang='lat' dir='ltr'>hominum</span> <span class='ocrx_word' id='word_1_107' title='bbox 622 2247 754 2326; x_wconf 88' lang='lat' dir='ltr'>habeat,</span> <span class='ocrx_word' id='word_1_108' title='bbox 792 2248 1042 2345; x_wconf 86' lang='lat' dir='ltr'>admirationem</span> <span class='ocrx_word' id='word_1_109' title='bbox 1080 2252 1205 2316; x_wconf 91' lang='lat' dir='ltr'>motam</span> <span class='ocrx_word' id='word_1_110' title='bbox 1229 2270 1296 2317; x_wconf 92' lang='lat' dir='ltr'>non</span> 
     </span>
     <span class='ocr_line' id='line_1_16' title="bbox 166 2361 1298 2451; baseline 0.002 -19"><span class='ocrx_word' id='word_1_111' title='bbox 166 2361 168 2365; x_wconf 42' lang='lat'><strong><em>⁴</em></strong></span> <span class='ocrx_word' id='word_1_112' title='bbox 226 2387 312 2446; x_wconf 87' lang='lat' dir='ltr'>esse,</span> <span class='ocrx_word' id='word_1_113' title='bbox 338 2368 427 2451; x_wconf 91' lang='lat' dir='ltr'>quod</span> <span class='ocrx_word' id='word_1_114' title='bbox 451 2365 504 2431; x_wconf 91' lang='lat' dir='ltr'>ille</span> <span class='ocrx_word' id='word_1_115' title='bbox 537 2366 636 2430; x_wconf 88' lang='lat' dir='ltr'>Persa</span> <span class='ocrx_word' id='word_1_116' title='bbox 661 2368 693 2431; x_wconf 90' lang='lat' dir='ltr'>et</span> <span class='ocrx_word' id='word_1_117' title='bbox 717 2366 772 2430; x_wconf 94' lang='lat' dir='ltr'>illa</span> <span class='ocrx_word' id='word_1_118' title='bbox 796 2366 903 2431; x_wconf 87' lang='lat' dir='ltr'>Persis</span> <span class='ocrx_word' id='word_1_119' title='bbox 918 2368 982 2449; x_wconf 51' lang='lat' dir='ltr'>¹qui</span> <span class='ocrx_word' id='word_1_120' title='bbox 1007 2370 1095 2433; x_wconf 88' lang='lat' dir='ltr'>recta</span> <span class='ocrx_word' id='word_1_121' title='bbox 1123 2388 1163 2433; x_wconf 85' lang='lat' dir='ltr'>ex</span> <span class='ocrx_word' id='word_1_122' title='bbox 1186 2369 1298 2435; x_wconf 89' lang='lat' dir='ltr'>Persia</span> 
     </span>
     <span class='ocr_line' id='line_1_17' title="bbox 225 2460 953 2568; baseline -0.001 -16"><span class='ocrx_word' id='word_1_123' title='bbox 225 2487 449 2561; x_wconf 86' lang='lat' dir='ltr'>advenerunt,</span> <span class='ocrx_word' id='word_1_124' title='bbox 476 2460 599 2567; x_wconf 82' lang='lat' dir='ltr'>optime</span> <span class='ocrx_word' id='word_1_125' title='bbox 622 2485 737 2549; x_wconf 83' lang='lat' dir='ltr'>Latine</span> <span class='ocrx_word' id='word_1_126' title='bbox 760 2485 953 2568; x_wconf 81' lang='lat' dir='ltr'>loquuntur.</span> 
     </span>
    </p>
   </div>
   <div class='ocr_carea' id='block_1_3' title="bbox 270 2708 1298 2809">
    <p class='ocr_par' dir='ltr' id='par_1_4' title="bbox 270 2708 1298 2809">
     <span class='ocr_line' id='line_1_18' title="bbox 270 2708 1298 2809; baseline 0.005 -21"><span class='ocrx_word' id='word_1_127' title='bbox 270 2725 369 2805; x_wconf 58' lang='lat' dir='ltr'>1V55</span> <span class='ocrx_word' id='word_1_128' title='bbox 410 2722 519 2809; x_wconf 82' lang='lat'>(673).</span> <span class='ocrx_word' id='word_1_129' title='bbox 557 2723 692 2787; x_wconf 84' lang='lat' dir='ltr'>Toxilus</span> <span class='ocrx_word' id='word_1_130' title='bbox 724 2708 838 2804; x_wconf 81' lang='lat' dir='ltr'>virgini</span> <span class='ocrx_word' id='word_1_131' title='bbox 868 2724 989 2805; x_wconf 81' lang='lat' dir='ltr'>gratias</span> <span class='ocrx_word' id='word_1_132' title='bbox 1012 2743 1113 2807; x_wconf 87' lang='lat' dir='ltr'>quam</span> <span class='ocrx_word' id='word_1_133' title='bbox 1137 2727 1298 2793; x_wconf 84' lang='lat' dir='ltr'>maximas</span> 
     </span>
    </p>
   </div>
   <div class='ocr_carea' id='block_1_4' title="bbox 111 2841 1296 2925">
    <p class='ocr_par' dir='ltr' id='par_1_5' title="bbox 111 2841 1296 2925">
     <span class='ocr_line' id='line_1_19' title="bbox 111 2841 1296 2925; baseline 0.003 -18"><span class='ocrx_word' id='word_1_134' title='bbox 111 2858 114 2863; x_wconf 88' lang='grc'><em>·</em></span> <span class='ocrx_word' id='word_1_135' title='bbox 224 2843 291 2923; x_wconf 88' lang='lat' dir='ltr'>agit</span> <span class='ocrx_word' id='word_1_136' title='bbox 314 2842 403 2924; x_wconf 88' lang='lat' dir='ltr'>quod</span> <span class='ocrx_word' id='word_1_137' title='bbox 429 2843 496 2906; x_wconf 87' lang='lat' dir='ltr'>tam</span> <span class='ocrx_word' id='word_1_138' title='bbox 513 2841 637 2904; x_wconf 88' lang='lat' dir='ltr'>bonam</span> <span class='ocrx_word' id='word_1_139' title='bbox 649 2861 784 2924; x_wconf 89' lang='lat' dir='ltr'>operam</span> <span class='ocrx_word' id='word_1_140' title='bbox 796 2842 903 2920; x_wconf 84' lang='lat' dir='ltr'>dedit,</span> <span class='ocrx_word' id='word_1_141' title='bbox 918 2843 1171 2925; x_wconf 85' lang='lat' dir='ltr'>Sagaristionem</span> <span class='ocrx_word' id='word_1_142' title='bbox 1184 2848 1296 2910; x_wconf 88' lang='lat' dir='ltr'>autern</span> 
     </span>
    </p>
   </div>
   <div class='ocr_carea' id='block_1_5' title="bbox 221 2960 1297 3643">
    <p class='ocr_par' dir='ltr' id='par_1_6' title="bbox 223 2960 1297 3280">
     <span class='ocr_line' id='line_1_20' title="bbox 224 2960 1296 3044; baseline 0.004 -18"><span class='ocrx_word' id='word_1_143' title='bbox 224 2961 336 3026; x_wconf 89' lang='lat' dir='ltr'>monet</span> <span class='ocrx_word' id='word_1_144' title='bbox 359 2981 411 3039; x_wconf 87' lang='lat' dir='ltr'>ne,</span> <span class='ocrx_word' id='word_1_145' title='bbox 444 2960 618 3042; x_wconf 86' lang='lat' dir='ltr'>pecuniam</span> <span class='ocrx_word' id='word_1_146' title='bbox 650 2979 760 3024; x_wconf 87' lang='lat' dir='ltr'>secum</span> <span class='ocrx_word' id='word_1_147' title='bbox 785 2960 946 3040; x_wconf 84' lang='lat' dir='ltr'>auferens,</span> <span class='ocrx_word' id='word_1_148' title='bbox 971 2964 1136 3044; x_wconf 86' lang='lat' dir='ltr'>protinam</span> <span class='ocrx_word' id='word_1_149' title='bbox 1160 2964 1296 3030; x_wconf 91' lang='lat' dir='ltr'>domum</span> 
     </span>
     <span class='ocr_line' id='line_1_21' title="bbox 223 3060 1297 3161; baseline 0.005 -17"><span class='ocrx_word' id='word_1_150' title='bbox 223 3080 332 3159; x_wconf 87' lang='lat' dir='ltr'>abeat,</span> <span class='ocrx_word' id='word_1_151' title='bbox 354 3097 469 3142; x_wconf 88' lang='lat' dir='ltr'>verum</span> <span class='ocrx_word' id='word_1_152' title='bbox 493 3079 531 3143; x_wconf 90' lang='lat' dir='ltr'>ut</span> <span class='ocrx_word' id='word_1_153' title='bbox 554 3098 613 3160; x_wconf 92' lang='lat' dir='ltr'>per</span> <span class='ocrx_word' id='word_1_154' title='bbox 625 3079 837 3160; x_wconf 86' lang='lat' dir='ltr'>angiportum</span> <span class='ocrx_word' id='word_1_155' title='bbox 851 3099 887 3144; x_wconf 84' lang='lat' dir='ltr'>se</span> <span class='ocrx_word' id='word_1_156' title='bbox 899 3099 957 3161; x_wconf 89' lang='lat' dir='ltr'>per</span> <span class='ocrx_word' id='word_1_157' title='bbox 969 3060 1102 3146; x_wconf 87' lang='lat' dir='ltr'>hortum</span> <span class='ocrx_word' id='word_1_158' title='bbox 1114 3083 1146 3147; x_wconf 95' lang='lat' dir='ltr'>in</span> <span class='ocrx_word' id='word_1_159' title='bbox 1160 3083 1297 3149; x_wconf 88' lang='lat' dir='ltr'>domum</span> 
     </span>
     <span class='ocr_line' id='line_1_22' title="bbox 223 3197 502 3280; baseline 0.004 -18"><span class='ocrx_word' id='word_1_160' title='bbox 223 3197 331 3262; x_wconf 85' lang='lat' dir='ltr'>Toxili</span> <span class='ocrx_word' id='word_1_161' title='bbox 358 3199 502 3280; x_wconf 87' lang='lat' dir='ltr'>recipiat.</span> 
     </span>
    </p>

    <p class='ocr_par' dir='ltr' id='par_1_7' title="bbox 221 3315 1297 3643">
     <span class='ocr_line' id='line_1_23' title="bbox 268 3315 1295 3403; baseline 0.007 -24"><span class='ocrx_word' id='word_1_162' title='bbox 268 3315 364 3394; x_wconf 87' lang='lat' dir='ltr'>Quod</span> <span class='ocrx_word' id='word_1_163' title='bbox 404 3316 522 3381; x_wconf 88' lang='lat' dir='ltr'>attinet</span> <span class='ocrx_word' id='word_1_164' title='bbox 546 3317 588 3381; x_wconf 88' lang='lat' dir='ltr'>ad</span> <span class='ocrx_word' id='word_1_165' title='bbox 621 3335 813 3398; x_wconf 91' lang='lat' dir='ltr'>responsum</span> <span class='ocrx_word' id='word_1_166' title='bbox 837 3338 857 3382; x_wconf 96' lang='lat' dir='ltr'>a</span> <span class='ocrx_word' id='word_1_167' title='bbox 882 3318 1005 3400; x_wconf 86' lang='lat' dir='ltr'>virgine</span> <span class='ocrx_word' id='word_1_168' title='bbox 1029 3318 1145 3384; x_wconf 88' lang='lat' dir='ltr'>Toxilo</span> <span class='ocrx_word' id='word_1_169' title='bbox 1170 3321 1295 3403; x_wconf 90' lang='lat' dir='ltr'>datum,</span> 
     </span>
     <span class='ocr_line' id='line_1_24' title="bbox 221 3435 1297 3516; baseline 0.008 -18"><span class='ocrx_word' id='word_1_170' title='bbox 221 3435 342 3515; x_wconf 90' lang='lat' dir='ltr'>gratias</span> <span class='ocrx_word' id='word_1_171' title='bbox 377 3436 496 3516; x_wconf 88' lang='lat' dir='ltr'>agenti,</span> <span class='ocrx_word' id='word_1_172' title='bbox 533 3435 631 3500; x_wconf 87' lang='lat' dir='ltr'>liceat</span> <span class='ocrx_word' id='word_1_173' title='bbox 666 3436 746 3500; x_wconf 91' lang='lat' dir='ltr'>mihi</span> <span class='ocrx_word' id='word_1_174' title='bbox 783 3437 892 3502; x_wconf 91' lang='lat' dir='ltr'>denuo</span> <span class='ocrx_word' id='word_1_175' title='bbox 933 3437 1063 3503; x_wconf 90' lang='lat' dir='ltr'>hastam</span> <span class='ocrx_word' id='word_1_176' title='bbox 1103 3459 1123 3503; x_wconf 90' lang='lat' dir='ltr'>a</span> <span class='ocrx_word' id='word_1_177' title='bbox 1170 3439 1297 3506; x_wconf 73' lang='lat' dir='ltr'>Goetaio</span> 
     </span>
     <span class='ocr_line' id='line_1_25' title="bbox 222 3553 1295 3643; baseline 0.004 -25"><span class='ocrx_word' id='word_1_178' title='bbox 222 3555 423 3619; x_wconf 87' lang='lat' dir='ltr'>amentatam</span> <span class='ocrx_word' id='word_1_179' title='bbox 448 3556 610 3638; x_wconf 90' lang='lat' dir='ltr'>torquere,</span> <span class='ocrx_word' id='word_1_180' title='bbox 637 3572 713 3617; x_wconf 83' lang='lat' dir='ltr'>oum</span> <span class='ocrx_word' id='word_1_181' title='bbox 736 3553 834 3635; x_wconf 92' lang='lat' dir='ltr'>plane</span> <span class='ocrx_word' id='word_1_182' title='bbox 858 3553 972 3619; x_wconf 89' lang='lat' dir='ltr'>eadem</span> <span class='ocrx_word' id='word_1_183' title='bbox 996 3555 1058 3619; x_wconf 91' lang='lat' dir='ltr'>sim</span> <span class='ocrx_word' id='word_1_184' title='bbox 1081 3557 1243 3622; x_wconf 87' lang='lat' dir='ltr'>sententia</span> <span class='ocrx_word' id='word_1_185' title='bbox 1256 3554 1295 3643; x_wconf 89' lang='lat'>¹).</span> 
     </span>
    </p>
   </div>
   <div class='ocr_carea' id='block_1_6' title="bbox 225 3777 1298 4237">
    <p class='ocr_par' dir='ltr' id='par_1_8' title="bbox 225 3777 1298 3948">
     <span class='ocr_line' id='line_1_26' title="bbox 258 3777 1298 3851; baseline 0.004 -19"><span class='ocrx_word' id='word_1_186' title='bbox 258 3780 276 3840; x_wconf 88' lang='lat'>¹)</span> <span class='ocrx_word' id='word_1_187' title='bbox 295 3777 467 3833; x_wconf 84' lang='lat' dir='ltr'>Goetzius</span> <span class='ocrx_word' id='word_1_188' title='bbox 493 3778 511 3832; x_wconf 90' lang='lat' dir='ltr'>l.</span> <span class='ocrx_word' id='word_1_189' title='bbox 531 3778 548 3833; x_wconf 94' lang='lat' dir='ltr'>l.</span> <span class='ocrx_word' id='word_1_190' title='bbox 575 3796 619 3851; x_wconf 91' lang='lat' dir='ltr'>pg.</span> <span class='ocrx_word' id='word_1_191' title='bbox 638 3779 699 3835; x_wconf 88' lang='lat'>301.</span> <span class='ocrx_word' id='word_1_192' title='bbox 737 3778 821 3840; x_wconf 64' lang='lat' dir='ltr'>,ltine</span> <span class='ocrx_word' id='word_1_193' title='bbox 837 3780 943 3834; x_wconf 84' lang='lat' dir='ltr'>weitere</span> <span class='ocrx_word' id='word_1_194' title='bbox 961 3779 1176 3850; x_wconf 84' lang='lat' dir='ltr'>Ungereimtheit</span> <span class='ocrx_word' id='word_1_195' title='bbox 1194 3780 1298 3836; x_wconf 73' lang='lat' dir='ltr'>enthilt</span> 
     </span>
     <span class='ocr_line' id='line_1_27' title="bbox 225 3873 1295 3948; baseline 0.003 -21"><span class='ocrx_word' id='word_1_196' title='bbox 225 3873 281 3928; x_wconf 70' lang='lat' dir='ltr'>adia</span> <span class='ocrx_word' id='word_1_197' title='bbox 298 3873 384 3929; x_wconf 83' lang='lat' dir='ltr'>ldnfte</span> <span class='ocrx_word' id='word_1_198' title='bbox 404 3874 491 3929; x_wconf 72' lang='lat' dir='ltr'>soene.</span> <span class='ocrx_word' id='word_1_199' title='bbox 507 3875 618 3930; x_wconf 82' lang='lat' dir='ltr'>Toxilus</span> <span class='ocrx_word' id='word_1_200' title='bbox 637 3874 720 3931; x_wconf 85' lang='lat' dir='ltr'>dankt</span> <span class='ocrx_word' id='word_1_201' title='bbox 738 3876 797 3930; x_wconf 85' lang='lat' dir='ltr'>dem</span> <span class='ocrx_word' id='word_1_202' title='bbox 817 3874 948 3947; x_wconf 65' lang='lat' dir='ltr'>Midohen</span> <span class='ocrx_word' id='word_1_203' title='bbox 958 3877 1007 3932; x_wconf 85' lang='lat' dir='ltr'>mit</span> <span class='ocrx_word' id='word_1_204' title='bbox 1017 3877 1158 3948; x_wconf 83' lang='lat' dir='ltr'>folgenden</span> <span class='ocrx_word' id='word_1_205' title='bbox 1171 3877 1295 3933; x_wconf 83' lang='lat' dir='ltr'>Worten:</span> 
     </span>
    </p>

    <p class='ocr_par' dir='ltr' id='par_1_9' title="bbox 257 3968 1200 4044">
     <span class='ocr_line' id='line_1_28' title="bbox 257 3968 1200 4044; baseline 0.002 -20"><span class='ocrx_word' id='word_1_206' title='bbox 257 3969 361 4042; x_wconf 78' lang='lat' dir='ltr'>Edepol</span> <span class='ocrx_word' id='word_1_207' title='bbox 376 3968 475 4026; x_wconf 87' lang='lat' dir='ltr'>dedisti</span> <span class='ocrx_word' id='word_1_208' title='bbox 494 3970 584 4042; x_wconf 84' lang='lat' dir='ltr'>virgo,</span> <span class='ocrx_word' id='word_1_209' title='bbox 604 3989 709 4044; x_wconf 87' lang='lat' dir='ltr'>operam</span> <span class='ocrx_word' id='word_1_210' title='bbox 729 3970 908 4027; x_wconf 87' lang='lat' dir='ltr'>adiutabilem.</span> <span class='ocrx_word' id='word_1_211' title='bbox 947 3981 949 3986; x_wconf 86' lang='lat'>&#39;</span> <span class='ocrx_word' id='word_1_212' title='bbox 1197 3984 1200 3992; x_wconf 84' lang='lat'>&#39;</span> 
     </span>
    </p>

    <p class='ocr_par' dir='ltr' id='par_1_10' title="bbox 259 4065 773 4138">
     <span class='ocr_line' id='line_1_29' title="bbox 259 4065 773 4138; baseline 0.004 -19"><span class='ocrx_word' id='word_1_213' title='bbox 259 4065 374 4121; x_wconf 78' lang='lat' dir='ltr'>Probum</span> <span class='ocrx_word' id='word_1_214' title='bbox 394 4069 421 4120; x_wconf 89' lang='lat' dir='ltr'>et</span> <span class='ocrx_word' id='word_1_215' title='bbox 439 4067 586 4138; x_wconf 82' lang='lat' dir='ltr'>sapientem</span> <span class='ocrx_word' id='word_1_216' title='bbox 605 4072 633 4122; x_wconf 85' lang='lat' dir='ltr'>et</span> <span class='ocrx_word' id='word_1_217' title='bbox 651 4065 773 4122; x_wconf 81' lang='lat' dir='ltr'>sobriam.</span> 
     </span>
    </p>

    <p class='ocr_par' dir='ltr' id='par_1_11' title="bbox 261 4160 1296 4237">
     <span class='ocr_line' id='line_1_30' title="bbox 261 4160 1296 4237; baseline 0.006 -22"><span class='ocrx_word' id='word_1_218' title='bbox 261 4160 327 4222; x_wconf 72' lang='lat' dir='ltr'>‚Die</span> <span class='ocrx_word' id='word_1_219' title='bbox 353 4161 469 4218; x_wconf 82' lang='lat' dir='ltr'>Toohter</span> <span class='ocrx_word' id='word_1_220' title='bbox 495 4162 542 4219; x_wconf 86' lang='lat' dir='ltr'>des</span> <span class='ocrx_word' id='word_1_221' title='bbox 570 4162 676 4218; x_wconf 81' lang='lat' dir='ltr'>Saturio</span> <span class='ocrx_word' id='word_1_222' title='bbox 704 4162 741 4218; x_wconf 86' lang='lat' dir='ltr'>ist</span> <span class='ocrx_word' id='word_1_223' title='bbox 771 4162 798 4217; x_wconf 91' lang='lat' dir='ltr'>iu</span> <span class='ocrx_word' id='word_1_224' title='bbox 815 4161 876 4218; x_wconf 89' lang='lat' dir='ltr'>dem</span> <span class='ocrx_word' id='word_1_225' title='bbox 894 4179 996 4235; x_wconf 59' lang='lat' dir='ltr'>maren</span> <span class='ocrx_word' id='word_1_226' title='bbox 1014 4163 1113 4221; x_wconf 80' lang='lat' dir='ltr'>Stioke</span> <span class='ocrx_word' id='word_1_227' title='bbox 1128 4162 1175 4220; x_wconf 89' lang='lat' dir='ltr'>der</span> <span class='ocrx_word' id='word_1_228' title='bbox 1193 4164 1296 4237; x_wconf 82' lang='lat' dir='ltr'>einzige</span> 
     </span>
    </p>
   </div>
   <div class='ocr_carea' id='block_1_7' title="bbox 0 0 1528 4966">
    <p class='ocr_par' dir='ltr' id='par_1_12' title="bbox 0 0 1528 4966">
     <span class='ocr_line' id='line_1_31' title="bbox 0 0 1528 4966; baseline 0 2"><span class='ocrx_word' id='word_1_229' title='bbox 0 0 1528 4966; x_wconf 95' lang='lat' dir='ltr'> </span> 
     </span>
    </p>
   </div>
  </div>
 </body>
</html>
