3046 4966
739 530 783 594 37

228 721 425 786 Ritschelius
466 724 584 788 edidit:
630 722 844 805 quemobrem
876 737 1045 786 numerem
1081 742 1140 805 ego
1176 744 1294 806 argen-

1090 844 1161 907 tum
1185 842 1295 909 foras?

228 960 444 1027 Scribendum
468 963 566 1045 puto:
591 959 806 1044 quamobrem
830 979 890 1041 ego
913 942 1086 1042 argentum
1106 980 1294 1027 enumerem

228 1079 338 1145 foras?

274 1319 350 1386 534.
386 1319 587 1403 (4:3265).
623 1317 797 1382 Librorum
832 1317 993 1399 scriptura
1036 1318 1119 1400 Quid
1154 1320 1294 1385 munis?

111 1439 115 1445 ’
226 1443 327 1504 metuo
350 1437 451 1504 hercle
473 1458 544 1503 nero
568 1439 713 1515 mutata,
744 1437 782 1501 R.
809 1435 872 1500 sic:

271 1554 404 1652 ‘Ecquid
429 1557 569 1622 metuis?
592 1557 650 1621 Do.
678 1556 795 1620 Hercle
824 1574 917 1620 vero:
943 1557 1029 1621 sensi
1046 1534 1104 1638 ego
1120 1560 1185 1621 iem
1203 1577 1293 1622 com-

1137 1677 1292 1759 pluriens.
1384 1766 1387 1773 .

227 1794 413 1877 Seyffertiue
451 1795 713 1878 interpunctione
752 1796 851 1861 modo
891 1797 1019 1861 mutata
1055 1815 1185 1860 versum
1209 1796 1293 1861 inte-

226 1932 321 1995 grum
344 1913 500 1977 reddidit:

274 2031 384 2112 Quid?
419 2032 560 2096 metuis?
597 2032 656 2096 Do.
694 2034 805 2097 metuo
837 2033 946 2097 he'rcle
981 2052 1074 2096 vero:
1112 2035 1198 2098 sensi
1234 2054 1293 2116 ego

659 2145 662 2150 ’
928 2153 993 2217 iam
1016 2152 1244 2235 compluriens.
1269 2152 1292 2238 ἱ)

110 2352 113 2357 ¹
229 2429 232 2434 ·
273 2396 351 2459 535.
380 2392 438 2481 (42
455 2396 496 2458 3:
512 2394 577 2478 65).
605 2392 718 2476 Neque
742 2395 787 2458 mi
811 2393 901 2458 haud
925 2394 1075 2476 imperito
1094 2393 1220 2458 eveniet
1236 2393 1293 2458 tali

912 2514 949 2578 ut
972 2514 1007 2576 in
1034 2513 1104 2577 luto
1127 2512 1292 2578 haeream.

226 2631 291 2696 Pro
314 2653 355 2697 55.
381 2632 411 2698 fr.
437 2634 580 2717 imperito
602 2632 777 2715 legendum
800 2634 898 2716 puto:
923 2632 1001 2697 mett
1023 2633 1199 2715 improviso.

202 2841 205 2845 ¹
273 2872 351 2935 Post
376 2863 442 2936 537
469 2870 524 2954 (42
541 2872 581 2935 3:
597 2867 669 2956 58).
693 2871 733 2933 R.
753 2871 848 2953 putat
863 2843 1059 2934 versiculum
1075 2871 1293 2952 intercidisse,
1341 2952 1343 2956 ¹

225 3009 291 3073 quo
313 2989 489 3055 referretur
511 2991 544 3055 in
570 2990 717 3073 proximo
740 2990 893 3071 facerem,
919 2989 1008 3054 velut
1032 2990 1146 3054 telem:

272 3111 359 3176 Nam
382 3110 498 3175 iccirco
522 3109 674 3192 equidem
699 3111 730 3174 te'
754 3109 836 3173 scire
858 3109 944 3173 hanc
968 3128 1037 3174 rem
1060 3094 1148 3174 volui
1168 3109 1209 3174 de
1232 3109 1295 3174 ista

406 3223 416 3242 '
1160 3229 1295 3311 virgine,

224 3352 440 3434 Perspicuum
483 3351 594 3415 autern
625 3350 675 3413 est
706 3348 918 3432 posteriorem
954 3349 1083 3430 partem
1118 3349 1184 3412 537
1222 3368 1294 3412 cor·

225 3474 357 3555 ruptam
392 3489 478 3534 esse:
513 3488 619 3552 neque
643 3470 730 3533 enim
747 3468 841 3551 sdcfo
865 3486 905 3531 ex
928 3468 972 3543 A,
998 3485 1104 3549 neque
1127 3466 1231 3550 refero
1255 3486 1295 3532 ex

225 3579 356 3674 reliquis
379 3589 470 3654 libris
495 3589 546 3654 hic
569 3589 647 3653 setis
671 3587 789 3670 placet.

260 3829 279 3888 ¹)
298 3823 455 3898 Seyffert
472 3826 509 3876 st.
525 3820 614 3876 Pleut.
632 3836 675 3891 pg.
695 3818 746 3873 18:
761 3817 971 3889 ‚Interpunctin
981 3834 1034 3872 non
1043 3815 1295 3871 omniumlibrorum

224 3923 355 3995 scripture
382 3919 461 3975 etiam
491 3916 574 3972 Nonii
601 3913 754 3971 testimonio
777 3914 932 3970 confirmata
950 3913 1076 3969 mutanda
1094 3917 1135 3968 est
1152 3912 1218 3968 Pers
1236 3913 1295 3966 534.

224 4020 407 4076 Oonioientem
425 4014 622 4081 (Ritsohelium)
643 4014 737 4073 therela
753 4013 826 4067 vcr0”
846 4010 916 4082 fugit
932 4028 1018 4082 neque
1033 4026 1157 4082 umquam
1175 4008 1295 4063 aPlauto

224 4121 271 4172 eut
296 4115 422 4171 Terentio
449 4114 477 4169 in
503 4111 636 4184 responsis
662 4108 763 4164 nudum
790 4109 871 4163 hercle
898 4126 954 4162 vero
971 4105 1109 4179 usurpari,
1128 4105 1174 4160 sed
1193 4123 1296 4176 semper

224 4214 395 4269 coniunctum
423 4228 482 4265 cum
512 4209 600 4281 atique
624 4205 734 4268 vocula,
754 4209 800 4260 ut:
826 4223 869 4275 epo
886 4206 910 4258 f.
929 4223 965 4268 5.,
983 4204 1066 4257 irat.
1086 4221 1117 4268 5.,
1135 4206 1212 4255 metuo
1229 4202 1253 4254 fr.
1273 4218 1294 4282 5.
