3046 4966
701 566 743 628 69

187 758 488 823 remuneraturum:
514 759 576 823 sihi
600 761 685 824 enim
711 760 834 826 litteras
855 779 872 824 e
898 743 1005 833 Persia
1028 763 1144 829 allatus
1166 783 1253 844 esse,

186 895 269 960 quas
305 878 342 942 ut
377 875 451 941 leno
483 877 573 960 legat
599 897 634 942 se
658 879 692 942 in
716 872 785 943 rem
810 880 879 944 eius
904 881 932 945 ei
957 882 1102 946 suadere.
1153 884 1255 966 Igitur

185 994 260 1061 leno
284 996 458 1079 epistulam
482 1016 502 1061 a
521 996 738 1077 Timarchide,
763 999 854 1077 hero,
879 999 922 1063 ad
941 999 1093 1066 Toxilum
1109 1004 1250 1082 missam,

184 1115 271 1198 legit.
313 1116 393 1180 Post
420 1117 611 1181 consuetam
632 1117 863 1183 salutationem
888 1119 916 1182 ei
936 1119 1074 1184 mandat
1098 1123 1136 1186 ut
1159 1141 1252 1204 pere-

183 1236 313 1318 grinum
337 1233 607 1320 (Sagaristionem
632 1239 751 1302 ornatu
776 1235 921 1323 Persico)
946 1239 1002 1321 qui
1018 1239 1116 1304 hasce
1129 1241 1252 1306 litteras

183 1352 338 1433 attulerit,
376 1355 511 1419 comiter
543 1356 682 1439 excipiat
715 1357 959 1441 hospitiumque
983 1361 1140 1442 praebeat
1163 1363 1195 1427 et
1218 1363 1251 1426 id

183 1475 269 1556 agat,
311 1475 347 1539 ut
382 1474 499 1540 mulier
523 1474 640 1553 libera,
667 1495 767 1558 quam
791 1477 818 1540 is
842 1476 937 1543 simul
963 1496 1078 1573 secum·
1098 1499 1115 1543 e
1139 1480 1252 1546 Persia

181 1595 344 1677 captivam
368 1594 551 1674 adduxerit,
576 1595 713 1659 vaeneat
738 1577 893 1676 emptoris
920 1598 1075 1677 periculo.

229 1713 364 1780 Toxilus
399 1715 510 1779 autem
545 1714 656 1779 dolose
688 1713 840 1778 lenonem
872 1715 1026 1797 inpellere
1051 1719 1189 1784 conatur
1214 1723 1251 1786 ut

181 1835 272 1900 illam
296 1836 401 1899 emat:
427 1835 484 1917 qui
507 1835 613 1917 primo
637 1835 790 1916 gravatus
814 1836 979 1917 postremo
1004 1837 1081 1902 dicit
1093 1857 1127 1901 se
1145 1857 1249 1904 ‚mer-

181 1957 359 2021 cimonium
406 1956 514 2020 videre
554 1951 671 2017 modo¹’
708 1952 800 2016 velle.
836 1953 960 2018 Eodem
997 1956 1067 2038 ipso
1103 1958 1250 2040 tempore

181 2077 358 2171 Sagaristio
384 2077 415 2141 et
439 2075 528 2156 virgo
552 2073 748 2150 adveniunt,
774 2073 807 2137 et
816 2073 965 2136 venimus
977 2074 1020 2138 ad
1032 2093 1104 2139 earn
1117 2095 1249 2141 scenam
1330 2168 1336 2181 ἡ

226 2316 285 2380 lV:
300 2314 344 2394 4,
369 2315 403 2379 in
427 2332 494 2397 qua
517 2311 662 2376 venditio
688 2310 733 2375 fit.
761 2310 819 2374 Est
842 2329 881 2375 ea
897 2309 1167 2393 elaboratissimo,
1181 2316 1248 2379 sale

178 2433 366 2517 facetiisque
405 2431 580 2497 abundans
589 2478 601 2522 ,Ι
632 2449 738 2514 neque
773 2431 883 2495 minus
909 2450 1009 2514 quam
1038 2432 1102 2498 lli:
1120 2433 1247 2499 linter

178 2554 318 2637 optimas
349 2552 462 2634 partes
495 2549 625 2615 fabulae
649 2552 780 2615 nostrae
804 2550 958 2616 habenda
985 2548 1020 2634 ¹).
1071 2551 1248 2634 Sagaristio

179 2673 293 2753 virgini
325 2669 446 2735 urbem
483 2669 632 2746 ostendit,
675 2689 761 2752 quae
784 2672 898 2752 rogata
927 2671 1005 2755 quid
1030 2670 1071 2734 de
1095 2670 1248 2736 omnibus

121 2820 125 2826 ·
178 2793 276 2857 rebus
304 2809 387 2874 quas
411 2789 520 2854 videat
542 2789 680 2867 iudicet,
705 2784 834 2871 semper
862 2787 1066 2854 festivissima
1090 2809 1248 2873 responsa

177 2911 244 2975 dat.
301 2909 388 2975 Turn
424 2906 560 2972 Toxilus
593 2909 625 2973 et
657 2907 731 2972 leno
769 2927 871 2991 parvo
905 2908 1076 2974 intervallo
1113 2908 1247 2974 consilia

212 3181 229 3237 ι)
249 3171 350 3226 Iterum
369 3168 597 3242 operaepretium
615 3172 656 3224 est
674 3169 801 3224 adnotare
819 3188 886 3242 quae
899 3169 931 3226 dc
943 3171 992 3226 hac
1004 3188 1084 3227 scena
1096 3172 1247 3228 Limiers

175 3273 203 3324 et
229 3267 353 3340 Guyeti
380 3266 467 3322 editor
492 3265 621 3321 sentiunt.
657 3264 693 3320 H.
712 3267 742 3322 P.
770 3265 803 3322 de
823 3266 970 3323 Limiers
988 3267 1006 3323 l.
1024 3267 1042 3322 l.
1062 3285 1105 3340 pg.
1124 3269 1183 3326 259.
1205 3269 1245 3329 ,ll

175 3363 344 3432 ,(Dordalus)
371 3363 410 3418 lui
437 3362 486 3417 fait
511 3361 643 3435 plusieurs
668 3363 806 3435 questions
824 3382 870 3418 sur
887 3364 913 3419 la
931 3364 1068 3420 naissance
1088 3370 1115 3421 et
1133 3384 1179 3420 sur
1197 3384 1245 3421 son
1303 3365 1305 3369 ’

176 3479 268 3533 ,pays
298 3458 363 3514 dont
387 3458 510 3514 l'adroite
528 3458 633 3514 tomello
651 3478 680 3514 oe
697 3459 749 3514 tire
768 3459 931 3515 habilement
950 3466 978 3516 et
996 3478 1058 3516 sans
1076 3460 1141 3537 faire
1159 3479 1244 3517 aucun

178 3575 349 3628 ,mensonge2
370 3575 402 3611 en
421 3556 485 3628 quoi
502 3555 629 3610 l'adrcssc
648 3554 680 3610 de
698 3555 794 3611 Plauto
805 3559 845 3610 est
852 3556 1009 3623 admirable,
1030 3557 1062 3612 de
1074 3557 1168 3612 l’avoir
1180 3557 1245 3613 faire

176 3653 279 3726 ‚parler
306 3652 328 3707 si
354 3651 492 3718 moment,
523 3654 603 3723 qu’on
628 3669 662 3706 ne
688 3651 737 3724 piri
762 3652 819 3706 rien
845 3651 919 3707 avoir
945 3651 1120 3724 ireprocher
1138 3651 1154 3707 iv
1174 3657 1244 3709 cette

175 3749 256 3816 nulle,
284 3749 312 3805 ni
338 3749 354 3804 ὲ
380 3748 450 3804 celui
471 3747 517 3820 qui
534 3746 561 3802 la
579 3747 699 3814 vendoil,
721 3748 810 3820 quand
828 3767 863 3804 on
881 3748 1011 3805 viendrait
1028 3749 1044 3803 t
1062 3748 1202 3804 decouvrir
1219 3749 1245 3803 la

175 3845 309 3907 ,lombe'’.
328 3845 427 3900 Alter
445 3844 462 3899 l.
474 3844 491 3899 l.
511 3861 553 3914 pg.
573 3844 634 3898 310.
654 3843 747 3924 uceite
765 3843 842 3899 scene
861 3845 906 3918 qui
925 3845 974 3900 fait
989 3845 1067 3918 jouer
1084 3845 1244 3919 lesperson·

110 3977 113 3984 ·
174 3959 271 4013 ,nages
297 3941 419 4013 diguists
445 3958 513 4014 pour
538 3944 656 4012 tromper
684 3939 812 4006 Dordele,
840 3941 892 3997 afin
914 3942 946 3997 de
965 3942 1031 3996 tirer
1049 3942 1081 3997 de
1099 3960 1129 3997 sa
1146 3941 1243 4015 bourse

176 4038 303 4109 al'argent
320 4037 384 4110 qu’il
401 4037 473 4093 avait
490 4054 552 4107 repu
570 4054 637 4108 pour
654 4036 919 4093 l’uffranclrissement
936 4037 1242 4111 d’unefillcquo'l'oxilc

174 4135 293 4200 minuit,
320 4139 361 4190 est
388 4135 403 4184 t
429 4151 490 4189 mon
517 4132 574 4187 avis
599 4133 627 4187 lc
649 4133 709 4205 plus
727 4133 849 4205 agriahle
869 4139 896 4190 et
914 4134 941 4189 la
959 4134 1018 4207 plus
1036 4121 1195 4206 ingeniousc
1209 4134 1241 4191 de

175 4233 280 4293 ,toules
297 4231 337 4286 les
356 4229 448 4285 soenes
466 4228 499 4284 de
517 4233 589 4285 cette
607 4228 750 4284 comedic.’'
