3046 4966
754 511 795 575 91

240 703 329 785 quod
365 702 407 768 ab
445 700 634 766 hominibus
670 698 778 763 liberis
814 700 847 764 in
883 720 980 767 scena
1016 701 1168 767 Romana
1193 703 1316 767 lactum

240 838 310 884 esso
346 840 413 885 non
438 820 576 884 videtur.
604 817 669 903 (Cf.
694 836 780 900 quae
803 819 843 882 de
867 838 905 882 ea
929 840 964 883 re
989 821 1165 903 disputavit
1190 820 1315 900 Teuffe-

240 937 318 1017 lins,
347 937 484 1004 Studien
509 937 577 1002 und
603 934 891 1002 characteristicon
916 958 969 1020 pg.
998 939 1064 1003 277
1091 958 1169 1021 sqq,
1197 940 1317 1003 citatus

239 1058 272 1120 in
297 1055 359 1120 hoo
385 1056 494 1121 libello
520 1074 571 1138 pg.
601 1054 667 1137 77).
1416 1058 1418 1063 '

285 1175 370 1239 Illud
387 1176 517 1239 tantum
542 1174 749 1238 commodom
775 1175 891 1256 poetae
917 1176 992 1239 oriri
1017 1176 1132 1256 potuit,
1153 1176 1316 1257 quamob-

238 1313 309 1357 rem
333 1312 409 1358 eum
436 1292 595 1356 eiusmodi
615 1291 786 1354 consilium
811 1293 972 1372 spectasse
998 1297 1090 1374 puto

285 1411 393 1475 Facile
417 1411 612 1493 perspicitur
636 1406 784 1473 fabulam
808 1410 955 1473 nostram
971 1409 1105 1473 infimae
1122 1409 1315 1492 plebeculae

238 1532 465 1612 comparatam
485 1548 571 1593 esse:
599 1529 631 1592 id
659 1527 863 1610 propositum
887 1528 1000 1607 negari
1023 1547 1092 1591 non
1112 1527 1220 1610 potest
1235 1547 1317 1608 poe-

240 1649 307 1711 tam
344 1648 512 1727 attigisse,
544 1647 576 1710 et
613 1664 652 1709 eo
689 1663 756 1726 quo
790 1646 885 1709 vellet
917 1647 1122 1728 pervenisse,
1150 1647 1186 1710 ut
1212 1646 1314 1709 risum

239 1768 383 1829 moveret
408 1763 648 1848 spectatoribus
671 1763 739 1826 suis
764 1764 934 1828 dicacitate
959 1765 1084 1828 vernili.

286 1882 439 1948 Ceterum
480 1902 547 1948 non
587 1882 778 1962 negandum
819 1882 945 1946 videtur
987 1882 1132 1948 fabulam
1168 1885 1315 1948 nostram

239 2003 462 2083 neglegentius
503 2003 535 2067 el
570 2001 778 2065 festinantius
815 2000 1029 2082 compositam
1054 2019 1133 2081 esse,
1172 2003 1203 2065 et
1239 2001 1316 2063 inde

239 2119 362 2184 factum
387 2140 457 2184 esse
481 2121 518 2183 ut
540 2119 703 2202 quaedam
727 2119 859 2182 incauto
876 2119 1001 2182 comico
1019 2119 1206 2198 exciderint,
1226 2138 1312 2200 quae

239 2257 335 2320 saepe
361 2240 393 2303 in
420 2237 597 2302 comoediis
626 2237 837 2314 usuveniunt‚
862 2255 922 2300 nec
952 2239 1062 2301 tamen
1087 2238 1119 2301 in
1144 2238 1206 2301 hac
1232 2240 1311 2320 apta

239 2358 343 2421 erant.
394 2357 466 2420 Huc
493 2351 654 2419 referendi
681 2353 844 2417 breviores
872 2353 1027 2418 transitus
1049 2356 1085 2417 ut
1111 2355 1206 2418 1:t:
1234 2356 1253 2419 6
1280 2356 1313 2418 et

240 2476 258 2539 7
287 2475 343 2539 ubi
367 2474 502 2538 Toxilus
526 2474 566 2537 de
591 2492 703 2537 amore
726 2472 890 2554 loquitur:
917 2473 1005 2554 quod
1027 2472 1224 2554 Sagaristio,
1252 2476 1312 2538 etsi

238 2592 346 2656 adhuc
387 2592 466 2656 nihil
498 2593 538 2656 de
562 2591 668 2655 Toxili
693 2592 813 2674 optatis
837 2592 907 2668 scit,
933 2590 1012 2654 dicit
1037 2592 1151 2656 Toxilo
1182 2594 1313 2661 »amicis

238 2711 336 2774 stulte
360 2710 480 2774 uteris”
506 2709 552 2794 (v.
581 2706 658 2792 lut:
683 2729 782 2791 porro
806 2729 874 2773 non
899 2709 977 2773 satis
991 2709 1150 2790 explicata
1164 2712 1313 2776 condicio

237 2829 489 2893 Lemniselenis:
528 2827 629 2893 dubia
664 2829 747 2892 ratio
781 2829 866 2892 inter
902 2828 1055 2891 lenonem
1080 2829 1112 2892 et
1137 2828 1307 2894 Toxilum:

238 2948 326 3028 quod
361 2947 495 3011 Toxilus
531 2946 634 3010 altero
671 2964 765 3010 versu
791 2946 886 3010 dicit:
940 2944 1089 3022 »Quaero
1116 2947 1225 3010 tamen
1251 2967 1311 3028 ego

237 3065 316 3129 item
352 3063 483 3129 sedulo”
519 3064 604 3148 (47),
639 3063 742 3128 altero
770 3066 881 3127 autem
923 3082 1045 3145 „usque
1074 3065 1174 3128 adero
1199 3065 1308 3129 domi''

238 3180 334 3269 lam:
360 3183 449 3265 quod
475 3182 610 3247 Toxilus
634 3181 850 3262 Sagaristioni
874 3181 951 3246 dicit
981 3182 1157 3264 nttabulas)
1177 3202 1260 3265 quas
1274 3186 1309 3277 tu

238 3299 379 3364 attulisti
420 3300 500 3364 mihi
540 3299 583 3364 ab
624 3299 703 3362 hero
743 3318 816 3362 meo
853 3318 957 3381 usque
992 3298 1163 3363 ePersia’'
1187 3321 1215 3363 r.
1242 3301 1306 3365 461

239 3414 428 3496 (4:lz9l:
462 3418 552 3500 quod
575 3419 663 3482 idem
688 3417 722 3480 in
746 3414 813 3480 fine
834 3417 931 3501 (834)
963 3418 1149 3501 [5:a253)
1175 3418 1252 3482 dicit
1278 3439 1314 3482 se

237 3535 495 3600 Lemniselenem
519 3538 654 3614 emisse,
680 3537 740 3600 cet.

284 3653 352 3717 Etsi
387 3654 516 3735 saepius
551 3654 623 3718 ioca
658 3656 757 3735 atque
792 3653 966 3718 maledicta
990 3673 1030 3717 ex
1061 3653 1156 3718 trivio
1180 3658 1312 3737 arrepta

238 3790 333 3835 aures
368 3774 498 3836 nostras
533 3772 722 3848 offendunt,
761 3791 828 3836 non
865 3771 971 3835 dicere
1007 3791 1182 3854 possumus
1216 3791 1254 3836 ea
1291 3793 1311 3837 a

220 3888 352 3951 ‘ceteris
375 3887 484 3954 Plauti
508 3889 627 3954 fabulis
651 3891 784 3955 abesse:
813 3891 869 3954 sed
898 3890 932 3953 in
962 3890 1077 3954 ceteris
1102 3909 1218 3955 scenae
1241 3911 1311 3954 ser-

237 4024 354 4069 vorum
389 4026 455 4071 non
493 4007 576 4073 adeo
610 4009 804 4088 argumento
836 4010 950 4073 inanes
974 4009 1106 4087 insunt,
1150 4011 1311 4092 utsupra

239 4125 467 4189 demonstrare
491 4127 598 4191 conati
622 4146 745 4192 sumus.
779 4125 826 4190 Cl.
854 4147 907 4209 pg.
935 4128 977 4192 60
1003 4147 1073 4210 sqq.
