3046 4966
214 1195 238 1261 1.
285 1185 455 1265 innotata
478 1184 522 1263 ad
549 1183 680 1265 Persae
706 1182 885 1265 Plautinae
909 1184 1006 1265 leone
1035 1181 1204 1263 selectos.

240 1622 430 1689 Riiecieeie'ns
452 1625 508 1706 qui
533 1644 618 1689 unus
646 1628 767 1708 optime
787 1626 918 1690 saeculo
944 1627 1057 1711 nostro
1083 1626 1123 1688 de
1139 1625 1258 1688 Plauto

194 1742 328 1806 meritus
357 1743 421 1821 esi,
455 1744 489 1807 in
521 1743 758 1825 prolegomenis
792 1745 908 1809 Persae
944 1741 1010 1831 (pg.
1037 1743 1095 1826 IX)
1127 1743 1257 1807 scribit:

200 1860 295 1924 ‚nihil
336 1880 423 1926 nunc
457 1863 564 1927 dicam
599 1862 639 1926 de
675 1862 831 1942 singulari
870 1864 1049 1926 metrorum
1089 1862 1258 1940 varietate,

181 1980 301 2061 'equae
324 1999 400 2045 cum
424 1983 455 2044 in
480 1982 607 2045 cantica
631 1981 784 2045 Plautina
808 1981 948 2063 plurima
972 1981 1086 2056 cadat,
1104 1981 1260 2044 tamenin

200 2097 278 2161 »hac
312 2097 425 2164 fabula
456 2099 545 2163 haud
578 2100 644 2164 scio
677 2119 719 2164 an
751 2100 783 2163 in
815 2100 1060 2189 insolentiorem
1096 2099 1260 2164 licentiam

200 2215 340 2280 ‚vernn
373 2217 407 2280 id
438 2217 527 2299 quod
560 2218 600 2280 de
628 2217 735 2299 prime
767 2218 974 2299 potissimum
1005 2219 1037 2283 et
1060 2218 1262 2300 paenultima

201 2354 316 2400 ‚scena
341 2336 519 2417 significavi
552 2355 579 2400 e.
606 2355 637 2417 q.
663 2333 710 2401 s.”
760 2336 866 2400 Lubet
901 2337 1012 2407 statim
1047 2337 1128 2401 haec
1164 2335 1264 2400 verba

196 2444 355 2536 proferre,
405 2455 560 2537 quoniam
597 2455 676 2518 milri
712 2452 905 2535 persuasum
943 2456 991 2519 est
1030 2455 1063 2518 in
1103 2454 1264 2519 Plautinis
1349 2442 1351 2448 ’

186 2570 315 2645 ‚fabulis
346 2573 557 2637 emendandis
581 2574 738 2636 maiorem
765 2575 859 2638 metri
883 2573 1031 2637 ordinem
1055 2574 1088 2637 in
1114 2571 1264 2636 diverbiis

196 2689 421 2772 indagandum
452 2710 537 2766 esse,
570 2709 646 2754 cum
676 2691 805 2771 saepius
825 2693 941 2773 exigua
967 2665 1151 2756 mutatione
1182 2710 1263 2755 con·

196 2806 336 2901 cionitas
359 2807 455 2872 metri
479 2808 604 2873 restitui
628 2809 741 2890 possit.

245 2921 397 3000 Quamvis
432 2928 539 2990 textus
575 2927 757 3008 corruptior
794 2946 863 2990 esse
899 2928 1049 2992 videatur
1086 2947 1187 3011 quam
1231 2931 1266 2993 ul

81 3044 85 3051 ’
200 3043 321 3125 ubique
344 3044 477 3126 reperiri
497 3047 698 3128 possitquae
720 3065 754 3109 re
773 3065 848 3110 rere
861 3048 977 3128 poetae
994 3066 1111 3110 manus
1125 3047 1266 3124 dederit,

201 3164 311 3227 tamen
331 3163 409 3227 mihi
432 3164 465 3227 in
489 3165 599 3228 animo
623 3166 671 3228 est
688 3165 863 3229 nonnullos
879 3164 968 3229 locos
985 3184 1022 3228 ex
1039 3165 1148 3228 Plauti
1165 3165 1269 3229 Persa

199 3282 352 3364 seligere,
379 3284 423 3356 ut,
450 3283 538 3364 quod
566 3302 625 3364 pro
648 3283 770 3347 viribus
787 3283 866 3346 meis
883 3285 991 3365 parvis
1007 3284 1144 3365 possim,
1164 3302 1269 3365 quan-

200 3402 336 3483 tumque
359 3402 393 3466 id
416 3403 485 3466 ficri
510 3401 628 3483 possit,
654 3420 811 3483 germana
835 3400 940 3464 forma
967 3402 1166 3468 restituatur.
1291 3419 1294 3425 ·

246 3520 325 3585 Inde
350 3541 370 3585 a
393 3539 487 3584 uersu
511 3521 616 3602 primo
641 3519 691 3604 (iz
709 3522 739 3602 l)
766 3520 933 3602 usquead
960 3521 1062 3597 itum,
1087 3520 1271 3583 invenimus

201 3657 241 3702 ex
264 3629 451 3704 recensione
474 3638 514 3702 R.
540 3625 654 3702 versus
675 3639 848 3716 iambiooS,
870 3639 926 3720 qui
940 3639 1146 3719 monologias
1163 3636 1270 3702 Toxili

203 3760 236 3823 et
250 3758 478 3838 Sagaristionis
490 3757 674 3821 continent:
692 3758 762 3822 turn
776 3758 916 3821 metrum
930 3758 1076 3820 mutatur
1089 3757 1121 3820 et
1133 3756 1271 3835 legimus

203 3895 315 3940 versus
334 3877 547 3940 iiim-liium
564 3877 669 3939 metro
687 3876 866 3940 trochaico:
882 3893 958 3938 cum
975 3875 1036 3938 hac
1051 3876 1161 3939 autem
1176 3874 1273 3937 metri

204 3996 384 4059 mutatione
409 3996 583 4059 coniuncta
607 3995 653 4057 esi
678 3993 835 4059 transitus
863 3992 1084 4073 amonologia
1100 3992 1143 4056 ad
1162 3991 1272 4055 excla-

205 4103 380 4177 mallones¹
397 4113 517 4194 quibus
548 4113 689 4175 alterum
720 4112 762 4175 ab
794 4112 900 4175 altero
934 4113 1064 4188 agnosci
1093 4111 1272 4175 indicatur.

1164 4233 1177 4293 l
