3046 4966
726 489 786 552 ·38

92 716 94 721 >
231 685 337 749 Parva
383 682 494 746 autem
542 681 723 746 mutatione
766 679 912 744 adhibita
944 677 1035 742 nullo
1071 677 1295 741 additamento
1332 754 1339 765 .

231 820 314 883 opus
349 818 418 862 esse
452 798 558 862 credo.
596 799 711 880 ltaque
746 796 829 861 duos
865 816 977 863 versus
1014 817 1080 862 uno
1113 799 1224 862 tenore
1249 797 1295 860 sic

229 921 389 1002 legamus:

119 1010 121 1015 ,
278 1038 316 1101 T.
341 1038 413 1102 Mea
437 1036 568 1118 quidem
592 1034 672 1099 nihil
697 1036 779 1099 istuc
803 1034 916 1100 refert:
942 1035 990 1100 t'ui
1014 1036 1064 1116 egi
1087 1035 1294 1116 lucrigratia‚
1363 1072 1366 1077 -

277 1156 330 1222 'Ut
354 1156 412 1221 tibi
436 1158 523 1221 reete
548 1153 743 1219 conciliandi
768 1158 874 1236 primo
898 1155 1037 1219 facerem
1062 1156 1199 1238 edpiam.

277 1395 344 1460 546
369 1386 426 1480 (dr
442 1395 483 1458 3:
500 1392 572 1479 76),
597 1393 669 1458 Non
694 1393 874 1458 omittenda
886 1395 935 1458 est
946 1395 1154 1474 sagacissima
1167 1393 1294 1458 coniec-

135 1540 138 1547 ·
230 1517 305 1580 tura
328 1514 480 1596 Berpln'i:
494 1513 518 1595 ¹)
604 1583 606 1587 ,

274 1633 342 1698 Nisi
377 1633 455 1714 quia
477 1632 583 1714 speeie
607 1632 687 1696 haee
710 1632 842 1713 quidem
867 1631 981 1714 edepol
1005 1631 1178 1707 liberalist‚
1204 1631 1295 1712 quis-

514 1730 517 1735 ’
1138 1750 1210 1831 quis
1235 1751 1294 1814 est.

228 1870 285 1934 ubi
320 1869 394 1934 libri
430 1869 570 1933 habent:
609 1869 670 1932 nisi
695 1869 751 1951 qui
776 1868 882 1951 asperi
906 1867 977 1952 (B),
1003 1869 1113 1951 aspexi
1139 1867 1293 1951 (reliqui).

227 1989 316 2053 Idem
352 1988 418 2052 iere
453 1987 610 2052 Luchsius
646 1987 755 2052 Herm.
793 1987 834 2052 13
850 1986 961 2051 ῑ499ι
994 1987 1056 2051 nisi
1088 1987 1165 2070 quia
1189 1987 1295 2068 specie

227 2108 360 2191 quidem
383 2112 437 2173 eet.
1196 2096 1201 2108 '

183 2358 187 2363 “
273 2347 340 2411 559
367 2347 399 2409 et
424 2345 491 2408 560
518 2342 610 2427 (414
626 2363 633 2406 :
651 2342 692 2405 10
719 2343 751 2406 et
777 2342 844 2424 11).
869 2343 1005 2408 Rilsehl.
1030 2341 1090 2407 hos
1113 2362 1225 2407 versus
1248 2344 1293 2408 sic

227 2485 266 2530 ex
290 2464 433 2547 reliquiis
457 2464 491 2526 in
515 2462 545 2525 A
568 2461 793 2526 concinnavit:

272 2582 361 2646 Haec
385 2581 472 2645 unde
496 2579 654 2656 aberunt,
683 2579 777 2662 [sana
801 2581 833 2644 et
856 2580 961 2664 salva]
984 2583 1034 2646 sat
1058 2581 1120 2646 erit
1135 2600 1203 2645 sem
1220 2581 1294 2665 [per

1148 2701 1292 2784 civilas;]

272 2817 344 2883 ‘Ubi
356 2818 512 2893 aderunt,
533 2817 630 2881 rebus
641 2819 807 2883 servandis
819 2818 990 2900 centuplex
1005 2800 1118 2884 munis
1131 2830 1290 2903 parumst.

226 2937 413 3020 Geppertlus
443 2937 555 3001 autem
592 2933 724 3020 (9186)
761 2937 855 3002 dicit:
903 2936 1021 3002 „finem
1058 2957 1170 3002 versus
1193 2938 1290 3003 luisse
1324 3022 1328 3030 ι
1419 2931 1424 2935 ’

224 3057 580 3138 „murosuterltsimpllri
602 3059 669 3124 iam
694 3058 900 3123 Studemund
926 3055 1035 3122 vidit”.
1072 3057 1165 3123 Hane
1189 3059 1290 3139 serip-

222 3179 329 3241 turam
362 3175 532 3258 amplexus
560 3197 626 3241 non
659 3177 774 3241 dubito
804 3196 933 3242 versum
964 3176 1031 3239 559
1066 3176 1111 3240 sic
1143 3177 1288 3258 explere,

222 3293 349 3357 collatis
373 3293 451 3365 553,
478 3294 546 3358 554
571 3294 603 3357 et
627 3292 717 3383 560:

268 3413 347 3476 559.
396 3411 485 3476 Haec
518 3411 605 3477 unde
635 3410 777 3475 aberunt
808 3410 901 3494 [urbs
932 3413 1090 3498 moenita]
1119 3417 1214 3479 muro
1238 3418 1290 3480 sal

1051 3534 1111 3599 erit
1133 3535 1287 3616 simplici,

221 3650 383 3714 10111560
409 3649 453 3713 sic
478 3649 619 3730 legatur:

256 4046 274 4103 ¹)
298 4040 437 4109 Bergkii
469 4042 657 4099 commentatio
686 4043 719 4098 de
746 4043 835 4098 Plaut.
861 4042 914 4098 lab.
940 4042 1110 4099 emendandis
1138 4043 1175 4108 (in
1194 4043 1286 4099 Indice

95 4112 96 4116 Ἰ
222 4136 378 4191 Scholarum
399 4138 425 4191 in
446 4138 633 4195 Universitate
650 4138 763 4195 Hulensi
781 4158 802 4193 e.
821 4157 845 4211 q.
865 4157 885 4194 a.
906 4140 973 4194 1858
991 4157 1016 4211 p.
1034 4139 1101 4194 Vll.
