3046 4966
769 519 788 582 6

293 711 366 805 15ΙῚ
396 712 514 792 Nempe
536 711 631 776 babeo
657 713 689 775 in
713 713 837 776 mundo.
885 710 981 788 Quod
1004 711 1119 774 attinet
1143 679 1185 774 ad
1210 710 1308 788 signi-

246 829 432 917 ficationem
469 828 703 894 vocabulorum
737 831 773 893 in
808 828 935 902 mundo,
974 827 1184 893 conferantur
1218 828 1308 891 Asin.

248 947 315 1010 164
348 946 406 1029 (1;
426 949 438 1011 1
459 945 538 1032 ;16)
577 947 633 1011 ubi
667 967 778 1013 servus
814 949 948 1031 quidam
980 947 1073 1011 dicit:
1099 947 1207 1026 virgae
1230 945 1310 1009 mihi

135 1107 141 1116 -
247 1065 280 1128 in
304 1067 429 1147 mundo
453 1068 546 1144 sunt;
573 1067 718 1131 eiusdem
742 1067 873 1132 fabulae
890 1067 958 1137 316
978 1061 1309 1148 (1115611111

246 1183 280 1246 in
316 1185 441 1248 mundo
469 1205 549 1250 esse.
586 1186 685 1252 Poen.
716 1188 780 1251 781
808 1185 842 1267 (3
858 1188 922 1250 :5:
939 1183 1015 1270 38);
1039 1184 1073 1277 id
1098 1184 1153 1263 (sc.
1178 1180 1251 1266 rae)
1276 1184 1309 1246 in

247 1303 372 1367 mundo
396 1305 445 1368 est
470 1305 546 1368 tuae
571 1301 627 1389 (sc.
651 1302 777 1390 aetati).
807 1303 871 1369 Cas
886 1304 951 1368 461
974 1302 1010 1388 (3
1026 1325 1033 1367 :
1050 1304 1068 1367 3
1084 1325 1091 1367 :
1108 1300 1141 1385 3)
1160 1299 1312 1386 (homini)

246 1422 335 1503 quod
358 1424 448 1487 amat
472 1425 506 1487 in
530 1424 654 1488 mundo
679 1421 770 1507 (est).
797 1460 841 1470 —
858 1422 1031 1500 Quomodo
1049 1423 1159 1486 autern
1176 1421 1309 1485 Toxilus

245 1541 404 1622 pecuniae
438 1542 586 1623 indigens
622 1542 728 1606 dicere
764 1542 883 1624 possit:
921 1540 1015 1604 babeo
1050 1540 1086 1604 111
1116 1539 1234 1603 mundo
1257 1559 1308 1602 me

206 1745 209 1752 ,
245 1658 335 1737 latet,
370 1660 397 1722 si
432 1661 564 1742 quidem
601 1661 682 1724 fides
717 1660 869 1724 habenda
901 1661 948 1723 est
972 1659 1067 1723 Festo
1091 1659 1226 1722 dicenti:
1258 1659 1308 1721 „in

244 1778 369 1841 mundo
404 1798 474 1842 esse
510 1778 662 1843 dicebant
697 1779 823 1860 antiqui
852 1797 927 1842 cum
951 1777 1073 1859 aliquid
1097 1778 1131 1840 in
1155 1778 1309 1859 promptu

243 1914 313 1976 esse
338 1896 492 1961 volebant
516 1895 691 1978 intellegi.’'
731 1897 823 1961 Levis
847 1898 896 1959 est
919 1895 1058 1959 mutatio
1074 1894 1202 1958 Dousae
1218 1894 1311 1959 bobes
1345 1939 1348 1945 ·

244 2015 379 2096 legentis
415 2016 501 2099 (lani
537 2016 665 2081 Dousae
693 2016 922 2080 Plautinarum
945 2014 1212 2096 explanationum
1237 2013 1310 2076 libri

242 2134 284 2196 IV
307 2154 360 2217 pg.
386 2134 481 2221 151).

289 2253 476 2318 Lectionem
513 2252 642 2326 Dousae
666 2254 788 2338 probat
812 2253 847 2317 P.
875 2253 1040 2332 Langen
1066 2250 1229 2336 (Beitriige
1253 2271 1310 2315 zur

210 2453 213 2457 ‚
243 2371 348 2434 urim
366 2371 433 2434 unu
446 2343 631 2452 Erklarung
649 2371 706 2435 ces
722 2370 868 2434 Plautus.
889 2369 1018 2451 Leipzig
1039 2367 1141 2450 1880)
1157 2389 1210 2451 pg.
1233 2370 1305 2434 mo.

242 2487 460 2553 Nihilominus
488 2508 604 2553 sensus
627 2490 707 2553 mihi
730 2489 886 2569 languere
910 2488 1048 2551 videtur.
1074 2487 1189 2552 Toxilo
1218 2488 1308 2551 nulla

242 2627 341 2672 causa
378 2610 425 2671 est
457 2627 516 2672 cur
547 2609 659 2673 credat
683 2607 939 2690 Sagaristionem
963 2625 1157 2670 conservum
1182 2608 1308 2671 tantam

241 2725 415 2808 pecuniam
443 2726 574 2791 habere.

288 2844 472 2927 Disputavil
508 2847 548 2909 de
573 2845 646 2910 hoc
675 2846 746 2910 loco
776 2845 951 2909 Rostius
976 2843 1150 2929 (opuscula
1173 2845 1196 2908 Ι.
1224 2846 1306 2929 177)

145 2985 154 3010 ·
241 2962 274 3024 in
312 2981 385 3026 eam
420 2965 558 3046 partem,
596 2966 632 3028 ut
670 2965 725 3030 nin
765 2963 890 3028 mundo
927 2962 1015 3027 esse’'
1040 2963 1198 3046 significet
1220 2965 1307 3027 idem

239 3081 328 3162 quod
352 3082 384 3144 in
410 3082 510 3146 dubio
534 3084 687 3165 pendere,
713 3084 874 3147 incertum
898 3101 984 3158 csse;
1010 3083 1067 3146 sed
1092 3102 1175 3163 nego
1198 3102 1306 3146 exem-

238 3197 293 3280 pla
328 3219 348 3263 a
384 3202 454 3264 viro
487 3202 582 3266 docto
607 3202 735 3284 prolata
759 3220 826 3265 uno
851 3200 988 3265 fortasse
1012 3211 1147 3283 excepto
1171 3202 1205 3265 id
1229 3221 1305 3284 pro-

238 3317 326 3382 bare.
376 3318 460 3382 Nam
496 3322 538 3384 ad
575 3323 683 3385 cetera
719 3321 787 3385 eius
824 3321 973 3403 exempla
1013 3321 1183 3402 explicatio
1219 3322 1305 3386 Festi

238 3437 380 3518 perbene
415 3438 563 3504 adhiberi
600 3442 723 3523 potest;
762 3461 848 3506 unus
885 3441 977 3505 locus
1004 3440 1123 3505 dubius
1148 3441 1196 3504 est
1222 3441 1304 3523 Epid

239 3556 286 3619 V:
304 3559 318 3620 1
338 3580 346 3618 ι
364 3558 403 3622 11
431 3557 477 3644 (v.
505 3558 599 3644 618.)
626 3561 734 3642 (Rost.
761 3562 839 3625 vitio
865 3562 989 3644 typogr.
1017 3560 1115 3624 h‘abet
1132 3561 1145 3623 1
1164 3581 1172 3624 :
1194 3561 1207 3622 1
1226 3582 1233 3622 :
1252 3561 1302 3637 11,

237 3694 290 3756 pg.
334 3673 428 3760 179).
477 3676 646 3759 Epidicus,
688 3679 744 3760 qui
786 3679 868 3742 duos
908 3696 1001 3741 senes
1040 3677 1236 3760 Apoecidem
1273 3680 1304 3740 91

237 3793 454 3876 Periphanem
487 3793 563 3858 loris
589 3796 716 3877 emptis,
746 3796 881 3879 capulas
903 3797 938 3860 in
962 3795 1114 3860 manibus
1140 3799 1302 3877 gestantes

238 3911 352 3975 urbem
376 3914 582 4000 pererrantes
606 3913 704 3986 vidit,
729 3915 893 3978 exanimi
917 3915 1113 3978 conscientia
1130 3915 1302 3978 meruitne

236 4031 269 4093 in
294 4049 456 4094 carcerem
481 4032 531 4095 vel
556 4032 588 4095 in
613 4034 787 4115 pistrinum
813 4035 1001 4098 coniciatur.
1038 4034 1138 4115 Igitur
1162 4034 1300 4116 Stratip-

236 4148 331 4229 pocli,
368 4149 424 4228 qui
461 4148 625 4213 fortunam
663 4170 755 4214 suam
796 4151 1005 4215 miserantem
1041 4150 1139 4216 solari
1163 4156 1301 4218 conatur
