3046 4966
628 461 775 574 'oo

265 700 371 778 Quid?
395 703 512 767 metuis
536 721 578 766 ne
603 704 634 767 te
658 702 821 767 rendam}>
844 702 881 765 V.
906 701 979 766 Non
1006 704 1119 768 metuo
1145 704 1259 785 pater:

220 818 257 884 ΞΟ
293 841 426 886 causam
466 821 573 886 afferri
608 840 674 885 non
710 796 805 902 posse
845 839 905 885 cur
951 821 1129 904 quicquam
1169 821 1294 885 mutari

219 939 375 1020 oporteat.
404 939 479 1003 Non
500 940 590 1011 ¹recte
614 940 701 1004 enim
724 938 911 1004 Ladewioos
939 940 1087 1022 disputat
1102 941 1213 1004 dicens
1229 940 1295 1004 rir-

220 1057 328 1138 ginem
355 1058 464 1122 denuo
487 1058 528 1123 de
550 1057 689 1139 infamio
712 1059 811 1124 rerba
836 1057 955 1124 facere.
994 1058 1069 1125 Non
1094 1060 1135 1125 de
1154 1058 1296 1143 infamio

221 1179 373 1255 omnino,
403 1197 515 1243 verum
539 1178 579 1242 de
602 1177 837 1243 immortalitate
860 1176 1016 1242 infamiae
1039 1179 1191 1242 hocloco
1216 1179 1297 1260 agit,

221 1291 314 1372 Quod
337 1296 364 1360 si
389 1297 491 1377 probe
519 1298 658 1376 tenetur,
677 1297 788 1362 omnia
805 1297 927 1379 optime
944 1316 1015 1360 sese
1031 1297 1164 1374 hahent,
1189 1317 1299 1381 neque

222 1416 398 1498 quiequam
432 1417 640 1481 mutandum.
673 1405 797 1498 'Virgo
833 1416 920 1480 enim
955 1415 1036 1481 haec
1076 1415 1162 1482 vult:
1206 1417 1300 1482 „Non

222 1553 356 1616 possum
388 1535 468 1616 quin
493 1535 552 1599 tibi
575 1555 754 1618 repugnem
774 1536 806 1600 et
831 1535 917 1598 recte
941 1535 1157 1617 praeripiam,
1190 1555 1299 1619 neque

224 1653 279 1716 mid
318 1651 439 1717 faciens
478 1673 627 1736 perverse
668 1674 750 1736 ago:
804 1674 882 1719 nam
925 1654 1046 1719 inimici
1085 1655 1189 1743 nostri
1229 1674 1300 1719 rem

229 1791 311 1836 „non
348 1770 472 1848 terunt,
511 1776 548 1838 ut
583 1793 617 1838 re
653 1793 730 1838 vera
767 1775 831 1848 est,
870 1791 983 1837 verum
1019 1773 1052 1837 in
1087 1774 1194 1838 maius
1228 1772 1300 1856 ple·

230 1910 386 1974 ‚rumque
426 1892 580 1973 augent.''
626 1892 663 1956 ld
703 1893 815 1956 autem
855 1910 889 1955 se
931 1891 1011 1956 nihil
1048 1892 1169 1956 morari
1204 1892 1299 1974 pater

224 2007 364 2075 affirmat
416 2033 446 2077 v.
489 2013 551 2077 351
605 2032 675 2096 sqq.
741 2011 911 2076 Postremo
961 2011 1075 2092 virgo,
1128 2011 1300 2095 tamquam

225 2129 384 2194 concedat
430 2151 576 2197 rumores
616 2131 703 2213 ipsos
739 2131 839 2194 etiam
879 2129 914 2194 in
952 2129 1059 2194 maius
1100 2121 1233 2209 auctos,
1273 2130 1302 2195 si

225 2253 324 2317 modo
362 2251 395 2316 in
435 2252 533 2315 breve
572 2253 702 2332 tempus
742 2249 897 2328 viverent,
938 2268 1006 2313 non
1046 2248 1142 2313 nimis
1187 2268 1302 2330 gravas

226 2373 325 2440 fuisse
358 2371 494 2447 futuros,
524 2370 652 2452 patrem
675 2368 834 2432 admonet
856 2365 1104 2432 immortalitatis
1128 2366 1300 2433 infamiae:

228 2495 343 2560 talium
386 2508 578 2569 rumorum,
615 2489 672 2572 qni
712 2487 986 2552 existimationem
1022 2486 1158 2551 alieuius
1192 2485 1303 2550 immi-

228 2619 351 2695 nuant,
386 2629 514 2696 semper
545 2609 670 2693 aliquid
701 2608 734 2671 in
770 2605 929 2670 memoria
953 2605 1125 2670 hominum
1149 2604 1302 2688 relinqui.

228 2739 336 2817 Pater,
359 2755 438 2800 oum
461 2734 542 2798 haec
565 2747 684 2809 negare
708 2728 859 2809 nequeat,
886 2724 983 2789 aliam
1008 2724 1095 2789 viam
1106 2724 1300 2805 ingreditur,
1380 2818 1383 2824 Ι

230 2858 262 2921 et
286 2855 381 2920 dicit:

283 2974 410 3053 „Quina
435 2969 618 3036 metuisne
643 2964 691 3049 (re
716 2962 806 3050 vera)
831 2967 863 3031 te
889 2963 1071 3030 vendam?”

230 3093 332 3172 igitur
355 3088 436 3154 nihil
460 3085 656 3151 mutandum
681 3103 751 3147 esse
775 3102 901 3147 censeo.
1043 3081 1047 3087 '

278 3328 376 3392 ssim
403 3328 435 3392 et
458 3325 568 3389 111:3.
617 3321 760 3386 Dordalo
795 3320 893 3385 domo
929 3340 991 3384 sna
1027 3316 1195 3382 excedenti
1221 3334 1306 3380 non-

232 3447 388 3531 nullaque
412 3446 453 3510 de
477 3443 625 3528 pecunia,
651 3460 752 3524 quam
776 3439 873 3504 hodie
899 3439 968 3504 fore
982 3439 1017 3502 ut
1030 3437 1170 3519 accipiat
1186 3435 1307 3517 sperat,

174 3626 178 3634 .
233 3567 344 3632 locuto
380 3565 515 3631 Toxilus
552 3563 631 3626 item
666 3560 765 3624 domo
796 3578 857 3623 sua
881 3557 1042 3623 excedens
1067 3555 1197 3620 obviam
1220 3552 1311 3618 venit

234 3689 329 3771 eique
363 3684 468 3750 multa
504 3680 642 3746 convitia
676 3679 810 3760 ingerit:
849 3677 903 3742 ille
936 3678 1050 3741 autern
1083 3674 1159 3738 huic
1193 3690 1308 3754 parem

235 3806 374 3887 gratiam
409 3771 507 3868 rotari
541 3817 649 3882 neque
684 3799 826 3863 minores
861 3794 1075 3861 contumelias
1099 3793 1184 3858 dicit
1235 3790 1311 3868 Quo

236 3924 321 3989 tacto
344 3921 479 3986 Toxilus
503 3919 613 3984 lenoni
624 3917 720 3982 solvit
737 3937 797 3999 pro
813 3917 919 3980 amica
938 3913 1107 3978 liberanda
1126 3911 1311 3994 pecuniam,

237 4061 337 4125 quam
361 4060 381 4106 a
405 4039 623 4122 Sagaristione
647 4036 828 4119 acceperat.

284 4161 353 4224 lam
377 4179 478 4240 supra
501 4157 601 4222 rerba
622 4155 756 4220 fecimus
781 4154 821 4217 de
845 4151 1089 4216 difficultatibus
1109 4171 1128 4215 a
1147 4147 1316 4214 Ludewioo
