3046 4966
736 519 779 583 60

271 715 353 780 ΙΙ;1
383 713 481 800 (168)
508 715 540 778 et
564 714 583 777 0
611 710 692 797 (183
717 709 789 795 qq).
826 709 918 774 Duae
941 709 1002 772 hae
1026 707 1150 789 priores
1173 725 1292 771 scenae

223 837 317 902 actus
340 834 475 899 secundi
499 833 748 915 descriptionem
774 831 942 895 continent
963 848 1029 912 quo
1050 826 1148 918 modo
1161 825 1292 908 Sopho·

224 955 355 1020 clidisca
391 972 410 1016 a
445 951 669 1017 Lemniselene
704 951 746 1014 ad
778 949 946 1028 Toxilum,
973 949 1154 1029 Paegnium
1178 946 1292 1010 autem

224 1094 244 1138 3
267 1072 383 1136 Toxilo
407 1071 450 1135 ad
470 1071 726 1135 Lemniselenem
751 1069 936 1148 mittantur,
960 1069 1128 1151 praeterea
1152 1083 1292 1130 concur·

224 1212 297 1257 sum
333 1191 535 1256 nuntiorum.
584 1190 621 1254 In
659 1189 718 1253 has
753 1189 885 1269 exiguas
921 1206 982 1265 ree,
1014 1206 1099 1271 quae
1123 1183 1292 1265 dialogum

223 1312 288 1376 fere
323 1311 392 1375 sine
428 1311 621 1391 argumento
656 1310 688 1371 et
718 1308 878 1372 sententia
903 1307 1066 1384 efficiunt,
1091 1324 1157 1371 non
1181 1303 1293 1368 minus

223 1429 462 1511 octogintaduo
476 1447 586 1493 versus
600 1424 813 1512 (ree-me)
827 1425 1072 1509 impenduntur,
1091 1425 1147 1507 qui
1159 1421 1293 1488 fabulae

223 1548 368 1629 agendae
408 1548 554 1611 tenorem
594 1547 882 1628 interrumpente5‚
919 1546 1072 1609 eventum
1106 1542 1289 1607 morantur.

224 1665 346 1732 Eodem
382 1666 447 1730 fere
484 1666 582 1730 modo
618 1665 726 1730 nuntii
762 1665 981 1729 dimittuntur.
1038 1658 1125 1739 Quas
1160 1661 1202 1726 ad
1239 1679 1292 1724 res

223 1786 430 1851 dimittantur
464 1785 636 1850 nobiscum
665 1804 732 1848 non
757 1784 1025 1859 communicatur,
1050 1799 1163 1845 verum
1187 1777 1291 1843 conii·

223 1924 295 1979 cere
332 1924 505 1988 possumus
530 1904 576 1968 illi
600 1904 642 1968 ad
666 1903 836 1983 Toxilum,
862 1904 937 1967 huic
961 1904 1004 1967 ad
1029 1896 1291 1965 Lemniselenem

223 2021 379 2105 epistulas
413 2021 589 2085 amatorias
625 2020 807 2084 afferendas
843 2039 920 2085 esse.
971 2019 1007 2084 ln
1029 2021 1168 2101 utraque
1191 2035 1291 2081 scena

223 2143 249 2206 is
284 2142 339 2224 qui
376 2140 512 2204 mandat
548 2140 638 2204 timet
674 2158 715 2203 ne
743 2139 879 2203 nuntius
906 2157 973 2204 non
997 2136 1180 2202 meminerit
1204 2154 1291 2218 quae

223 2262 328 2325 iussus
365 2251 425 2337 est·
462 2260 549 2323 unde
584 2258 752 2322 altercatio
789 2259 899 2322 oritur.
938 2258 991 2322 Vs.
1017 2258 1084 2321 200
1108 2255 1290 2336 Paegnium

223 2378 509 2462 Sophoclidiscam
548 2375 609 2441 001
650 2376 893 2460 Sophoclidisca
928 2376 1107 2457 Paegnium
1132 2372 1301 2455 conspicit

222 2496 393 2580 saluteque
429 2498 462 2560 in
499 2496 600 2559 vicem
635 2495 721 2560 dicta
755 2496 841 2559 inter
875 2515 910 2558 sc
947 2494 1087 2577 colloqui
1110 2492 1286 2575 incipiunt:

222 2614 328 2696 primo
367 2614 503 2696 uterque
538 2616 636 2696 negat
669 2634 703 2678 se
739 2615 845 2679 dicere
870 2615 950 2679 velle
977 2613 1056 2696 quid
1079 2613 1189 2677 missio
1214 2611 1289 2676 velit

223 2751 330 2815 neque
362 2752 427 2817 quo
454 2734 636 2798 mittantur.
686 2734 864 2799 Maledictis
887 2735 985 2815 atque
1009 2732 1121 2813 iurgiis
1145 2732 1229 2795 inter
1254 2750 1289 2794 se

186 2915 187 2919 ,
223 2853 366 2930 certant,
404 2852 507 2917 donec
544 2852 676 2917 tandem
714 2873 740 2915 v.
769 2854 835 2917 047
861 2852 1103 2934 Sophoclidisca
1129 2846 1286 2915 „Toxilo”

222 2971 328 3052 inquit
356 2971 433 3035 „has
456 2971 524 3036 fero
549 2971 686 3036 tabellas
700 2973 756 3036 tuo
770 2971 854 3050 ero'’‚
873 2973 904 3036 et
916 2971 1114 3052 Paegnium:
1146 2967 1207 3031 ‚At
1227 2985 1288 3048 ego

227 3089 287 3153 aad
312 3089 569 3154 Lemniselenem
589 3092 680 3155 tuam
697 3110 786 3155 eram
798 3091 883 3155 hanc
895 3089 1099 3170 obsignatam
1111 3081 1286 3150 abietem.''
1327 3175 1329 3179 ¹

221 3208 469 3290 Diligentissime
508 3209 722 3293 perpendenti
761 3211 878 3275 harum
914 3228 1085 3274 scenarum
1120 3207 1288 3273 momenta

221 3327 301 3391 mihi
337 3347 404 3392 non
438 3328 574 3412 contigit
609 3331 646 3394 ut
670 3330 846 3411 quicquam
870 3330 1048 3393 invenerim
1073 3326 1161 3410 quod
1186 3325 1288 3391 ullam

220 3445 288 3509 vim
311 3446 354 3511 ad
376 3445 507 3512 fabulae
530 3449 662 3513 nostrae
685 3448 888 3530 propositum
912 3447 1039 3511 habeat.
1075 3446 1161 3510 Sunt
1171 3463 1288 3510 scenae

221 3564 345 3643 inanes,
368 3566 428 3630 etsi
452 3585 519 3630 non
533 3586 615 3648 nego
635 3567 764 3648 saepius
781 3566 903 3648 aliquid
915 3566 1060 3630 iocosum
1074 3565 1145 3629 dici.
1172 3563 1287 3643 Videa-

222 3703 295 3748 mus
331 3684 429 3766 igitur
463 3704 545 3749 num
575 3686 608 3748 in
635 3685 749 3749 ceteris
773 3684 892 3749 talibus
916 3704 1082 3749 servorum
1105 3683 1287 3767 conloquiis
1418 3704 1419 3708 ¹

224 3804 292 3868 tam
317 3802 414 3885 plane
437 3805 631 3887 argumento
657 3807 689 3869 et
712 3805 874 3870 sententia
898 3823 1077 3869 careamus.

269 3923 307 3987 In
331 3942 428 3987 scena
452 3924 596 3989 secunda
621 3927 712 3990 actus
735 3922 869 3988 secundi
888 3923 1072 3999 Astacana,
1096 3921 1286 4005 praesertim

221 4044 328 4125 priore
352 4046 455 4126 parte,
465 4042 646 4108 abundanti
663 4043 785 4107 facetiis
801 4042 999 4119 scurrilibus,
1009 4061 1217 4124 nequaquam
1234 4041 1285 4104 ta·

223 4183 299 4228 men
314 4164 546 4246 argumentum
559 4163 796 4229 desideramus:
826 4162 870 4226 ibi
883 4160 970 4226 enim
990 4161 1084 4226 dolus
1102 4161 1187 4225 inter
1202 4160 1284 4224 Leo·
