3046 4966
727 528 770 593 76

214 721 316 802 atque
335 740 397 803 pro
423 721 591 803 explorato
615 713 736 786 haheat
758 740 792 786 se
816 721 998 805 deceptum.
1010 739 1080 788 esse
1104 726 1137 789 et
1149 742 1282 788 omnem

219 859 287 910 rem
311 841 436 921 gestam
460 839 541 903 nihil
566 841 627 904 nisi
654 860 761 905 meras
778 840 920 905 fallacias
936 841 1041 907 fuisse.
1069 843 1179 924 Longe
1192 842 1283 907 aliud
1303 884 1311 898 ·

216 959 374 1040 quiddam
398 960 431 1023 in
457 959 513 1023 tali
537 979 571 1022 re
596 979 614 1024 a
639 960 877 1051 spectatoribus
891 933 1282 1043 expectatur—Animo

212 1053 279 1143 iam
303 1079 414 1143 vident
437 1079 604 1162 quomodo
619 1060 699 1143 'leno
723 1081 771 1144 ira
793 1080 947 1145 incitatus
972 1081 1119 1146 obtinere
1144 1081 1281 1145 conetur

213 1198 302 1281 quod
326 1199 376 1262 ius
399 1217 498 1263 suurn
511 1218 580 1262 esse
593 1200 703 1280 putat,
719 1217 841 1280 negans
854 1199 1062 1265 Saturionem
1078 1201 1111 1264 et
1122 1199 1280 1279 virginem

192 1311 326 1381 'verum
349 1293 448 1400 loqui,
474 1316 605 1382 Saturio
631 1298 741 1381 autem
766 1318 861 1382 minis
885 1320 985 1400 atque
1009 1320 1040 1383 vi
1064 1319 1165 1382 tiliam
1185 1337 1281 1382 suam

212 1437 375 1519 abripiat,⁴
389 1438 467 1502 dum
493 1440 629 1520 uterque
654 1437 771 1503 silvam
788 1439 1003 1502 convitiorum
1020 1439 1120 1520 atque
1132 1455 1281 1507 exsecra·
1326 1417 1329 1421 ’

143 1612 146 1618 ,
212 1556 339 1619 tionum
375 1558 408 1621 in
445 1559 545 1640 caput
583 1559 705 1623 inimici
729 1557 884 1621 effundat.
912 1557 999 1635 Quid
1022 1552 1147 1621 multa?
1173 1555 1281 1636 Argu·

211 1676 360 1739 mentum
384 1677 492 1758 ipsum
516 1678 613 1741 huius
636 1696 752 1742 scenae
769 1678 884 1758 poetae
897 1678 1009 1741 nostro
1022 1675 1115 1739 valde
1127 1674 1281 1738 idoneam

210 1792 398 1858 facultatem
422 1795 600 1877 praebebat
624 1796 666 1859 ad
691 1795 848 1878 plurimas
871 1794 1003 1860 facetias
1026 1778 1174 1875 salesque
1187 1792 1278 1857 adhi-

211 1912 329 1978 benda.
345 1951 388 1960 —
414 1914 541 1979 Scilicet
565 1934 671 1998 neque
696 1915 831 1979 modum
843 1913 1103 1997 interpolationis
1116 1913 1173 1975 aut
1182 1911 1280 1975 omis-

212 2031 312 2095 sionis
350 2034 524 2098 terminare
564 2054 670 2117 neque
710 2035 837 2098 disertis
873 2033 978 2097 verbis
1013 2033 1158 2096 statuere
1194 2050 1281 2114 quae

171 2190 174 2197 -
210 2149 347 2215 Plautus
372 2171 483 2216 revera
509 2153 642 2232 dederit,
667 2155 842 2237 quisquam
865 2153 984 2235 possit:
1010 2171 1122 2216 verum
1146 2171 1280 2215 scenam

211 2289 402 2351 germanam
415 2291 453 2336 ao
466 2273 610 2337 nativam
623 2274 731 2337 nescio
744 2292 810 2356 quo
822 2271 957 2337 consilio
970 2271 1064 2345 valde
1076 2270 1280 2335 contractam

211 2391 309 2473 atque
334 2392 449 2456 misere
474 2392 652 2457 mulcatam
678 2412 757 2471 esse,
783 2393 927 2457 statuere
951 2409 1018 2454 non
1043 2390 1168 2454 dubito.

256 2510 345 2573 Leno
355 2513 529 2593 postquam
542 2512 699 2576 intellexit
712 2532 746 2575 se
759 2512 931 2593 deceptum
943 2529 1011 2574 esse
1024 2529 1043 2574 a
1057 2509 1230 2573 Saturione
1244 2509 1278 2573 in

200 2617 260 2693 'ius
281 2629 451 2695 ambulare
465 2631 604 2695 iubetur.
632 2630 779 2696 Difficilia
794 2612 961 2697 intellectu
979 2629 1059 2694 mihi
1077 2647 1146 2692 esse
1164 2627 1277 2692 viden·
1337 2714 1340 2721 Ι

210 2750 262 2813 tur
297 2738 554 2815 verba'lenonis
589 2751 632 2835 (r.
671 2751 765 2836 747).
797 2751 931 2815 »Nonne
956 2746 1172 2815 antestaris?''
1192 2746 1278 2810 Nam

209 2869 292 2933 serio
323 2869 403 2934 haec
427 2870 528 2935 verba
553 2871 659 2935 dicere
683 2890 749 2934 non
771 2871 906 2952 poterat,
934 2889 1009 2934 cum
1034 2869 1163 2951 praeter
1186 2867 1278 2931 leno-

208 3007 284 3052 nem
320 2991 352 3053 et
384 2989 638 3071 Sagaristionem
674 3009 771 3054 nemo
796 2989 858 3054 nisi
882 2990 970 3071 virgo
995 2990 1029 3053 in
1053 3006 1150 3051 scena
1175 2987 1277 3051 esset:

208 3108 377 3189 praeterea
394 3109 419 3172 si
432 3109 505 3192 quis
518 3108 670 3188 affuisset,
698 3109 964 3207 verisimillimum
977 3109 1025 3172 est
1042 3127 1118 3171 eum
1134 3125 1201 3170 non
1218 3125 1278 3187 pro

207 3226 325 3291 lenone
352 3228 441 3310 apud
465 3230 650 3310 praetorem
673 3229 860 3294 locuturum
885 3229 1001 3292 fuisse:
1027 3228 1133 3291 iocose
1163 3227 1278 3290 contra
1361 3211 1364 3216 ¹

207 3345 287 3410 haec
312 3343 412 3412 verb'a
435 3348 521 3412 dicta
546 3367 615 3412 esse
639 3348 787 3412 condicio
812 3350 882 3430 ipsa
905 3348 1032 3412 lenonis
1056 3348 1189 3411 minime
1218 3348 1277 3410 ad·
1316 3430 1320 3440 Ι
1387 3371 1390 3379 ·

207 3465 317 3549 mittit.
343 3466 489 3531 Tantum
514 3466 615 3531 restat
639 3468 676 3532 ut
699 3467 889 3531 contineant
907 3484 1009 3547 genus
1023 3466 1154 3549 aliquod
1168 3485 1277 3547 repre·

208 3584 373 3647 hensionis
409 3585 470 3648 suh
507 3584 611 3649 forma
636 3585 910 3666 interrogationis
935 3585 1029 3668 quasi
1055 3585 1161 3649 dicat:
1193 3604 1276 3648 „non

207 3722 258 3767 me
284 3703 344 3767 rite
368 3705 401 3768 in
426 3704 475 3768 ius
500 3724 616 3770 vocare
640 3705 763 3787 potes.”

253 3943 332 4006 V:1
361 3941 469 4028 (753).
517 3944 758 4023 Argumentum
794 3942 1014 4024 paenultimae
1038 3942 1135 4005 huius
1159 3960 1275 4005 scenae

206 4061 253 4122 est
278 4061 405 4164 initium
431 4062 728 4144 potationis-quae
752 4080 848 4125 scena
872 4061 1020 4144 proxima
1045 4061 1274 4134 continuatum

208 4196 328 4258 magna
367 4180 442 4244 huic
476 4199 592 4283 scenae
632 4180 809 4277 similitudo
850 4182 897 4245 est
934 4199 1008 4243 cum
1045 4178 1146 4246 Stichi
1179 4178 1226 4241 V:
1253 4175 1275 4242 4
