3046 4966
754 537 756 540 .
824 491 843 555 d

352 683 391 744 17
418 681 614 764 (1:1:17).
665 683 698 746 S.
723 651 767 746 [it
790 673 914 747 valesl'·
948 685 987 749 T.
1015 657 1057 750 dt
1081 707 1174 769 queo.
1219 689 1251 752 S.
1278 689 1364 767 Quid

758 781 792 893 J·
835 784 845 824 ³
990 805 1119 886 agitur?
1166 805 1388 871 n-vmtur..
1452 884 1453 888 Ν

237 956 242 966 ·
350 919 505 997 Quamvis
534 916 627 1008 facile
657 919 698 983 sit
725 920 812 984 hunc
837 930 966 986 versum
989 923 1191 988 trochaicum
1218 923 1362 1005 efficere,

301 1041 411 1104 tamen
435 1057 570 1102 manum
592 1038 820 1103 abstinendam
844 1059 913 1104 esse
937 1042 1052 1106 credo:
1079 1043 1112 1105 in
1137 1042 1363 1108 huiuscemodi

301 1142 453 1223 brevibus
472 1158 780 1240 interrogationibus
804 1177 889 1241 quae
904 1162 1052 1242 spectant
1069 1161 1110 1225 ad
1127 1162 1264 1226 salutem
1281 1163 1363 1226 dan-

302 1278 378 1342 dam
414 1277 678 1360 reddendamque
712 1277 869 1359 quiddam
906 1280 988 1345 mire
1026 1280 1168 1345 vividum
1207 1282 1366 1364 praebent

302 1397 419 1461 cretici.
467 1395 514 1461 Cf.
541 1395 667 1478 Captivi
692 1397 758 1460 832
786 1396 857 1478 (Ed.
887 1396 972 1475 Br.):

348 1517 401 1580 Er.
442 1517 506 1580 Se'd
536 1516 608 1599 quis
631 1518 703 1581 est?
750 1516 810 1580 Hc.
836 1516 973 1599 Respice
997 1516 1039 1581 ad
1063 1537 1134 1581 me:
1164 1518 1266 1599 Hegio
1292 1538 1364 1582 sum

975 1635 1029 1699 En.
1058 1634 1085 1699 O
1109 1636 1204 1712 milri,
1230 1656 1256 1699 e.
1282 1656 1313 1718 q.
1339 1657 1362 1699 s

347 1754 428 1818 Item
451 1753 513 1817 hoc
534 1752 606 1817 loco
634 1753 718 1818 inter
730 1754 813 1818 duos
825 1754 907 1818 alius
926 1753 1021 1818 metri
1038 1771 1149 1816 versus
1166 1753 1247 1817 haec
1264 1753 1364 1817 verba

302 1873 419 1936 cretico
443 1872 546 1935 metro
570 1871 690 1954 scripta
718 1873 807 1936 sunt.

348 1989 397 2055 uf.
420 1989 683 2056 Studcmunolc'um
706 1990 746 2053 de
770 1990 903 2055 canticis
927 1990 1107 2068 Plautinis,
1143 2009 1193 2073 pg.
1222 1991 1284 2069 63,
1310 1991 1364 2072 qui
1450 2011 1455 2022 ·

301 2109 446 2191 disputat
467 2109 727 2191 „propiumesse
747 2109 855 2172 cretici
882 2106 930 2192 (et
954 2105 1102 2193 bacchei)
1128 2128 1249 2174 munus
1263 2109 1364 2187 ‚puta

302 2228 454 2293 trochaeo
484 2228 527 2292 ad
557 2227 704 2291 iambum
736 2226 956 2292 transducat”.
1005 2221 1142 2291 Versum
1172 2229 1364 2310 sequentem

301 2348 496 2428 igitur‘cum
519 2345 636 2410 Bothio
659 2346 837 2410 iambicum
859 2343 1016 2410 efficiente
1039 2347 1208 2427 legamus:
1236 2348 1259 2428 1)

351 2466 404 2530 18.
453 2465 484 2529 S.
522 2465 650 2547 Satisne
673 2439 760 2545 ¹ergo
792 2483 830 2528 ex
863 2464 1047 2529 sententia?
1082 2464 1121 2529 T.
1158 2465 1192 2529 Si
1215 2466 1365 2531 evenient

763 2573 765 2577 ⁸
971 2603 1057 2665 quae
1081 2583 1199 2666 exopto
1222 2584 1310 2648 satis.
1337 2581 1365 2669 ²)

348 2700 482 2766 lambici
505 2701 739 2765 continuantur
754 2702 911 2783 usquead
929 2721 975 2766 vs.
994 2703 1093 2766 ddum:
1111 2706 1182 2766 tum
1195 2703 1366 2768 trochaicis

280 2821 523 2903 excipiuntur,
547 2821 604 2903 qui
628 2839 723 2885 versu
747 2820 792 2884 43
818 2839 920 2903 usque
939 2821 1092 2886 adfinem
1110 2822 1234 2904 primae
1249 2841 1365 2885 scenae

303 2939 468 3004 nonnullis
492 2940 633 3021 exceptis
655 2939 801 3005 iambicis
820 2919 933 3005 cedere
950 2940 1079 3005 debent.
1106 2940 1249 3006 Causam
1268 2941 1364 3004 huius

302 3058 498 3123 mutationis·
513 3058 657 3122 invenire
678 3059 767 3124 haud
791 3059 894 3141 potui.
1138 3056 1141 3063 '

348 3177 468 3241 Verum
492 3196 567 3242 cum
591 3178 724 3242 minime
746 3178 826 3243 mihi
850 3197 1043 3260 persuasum
1066 3178 1109 3242 sit
1123 3178 1364 3255 scenamhanc‚
1458 3201 1478 3244 ‚⁴

301 3286 579 3379 quemadmodum
601 3296 697 3361 hodie
720 3296 754 3360 in
776 3296 867 3360 libris
891 3295 1025 3378 legitur,
1052 3297 1213 3378 integram
1230 3297 1361 3361 fabulae

301 3416 473 3481 Plautinae
505 3435 638 3480 scenam
672 3434 759 3494 esse,
796 3415 891 3498 plura
926 3415 966 3479 de
1002 3417 1182 3481 metrorum
1207 3417 1364 3481 varietate

338 3670 357 3729 ¹)
376 3667 482 3723 Ritaclrl.
497 3682 603 3720 versum
619 3663 783 3720 trochaicum
800 3662 918 3718 efficiens
935 3662 974 3717 sic
992 3661 1075 3734 legite
1119 3706 1123 3714 .
1161 3683 1163 3688 ·

338 3763 364 3818 S.
384 3761 459 3817 setin
483 3780 545 3833 ergo
563 3779 595 3817 ex
614 3759 767 3817 sententia?
783 3758 813 3814 Τ.
834 3759 863 3813 Si
880 3758 1008 3814 eveniunt
1025 3776 1093 3830 quae
1111 3756 1206 3830 exoptd
1225 3756 1298 3811 satis.

325 3857 407 3924 ,Item
416 3859 449 3913 A.
468 3857 627 3930 Spengel:
642 3855 906 3927 Reiormvorsohliige
915 3873 962 3910 zur
972 3854 1072 3910 Metrilr
1079 3853 1126 3908 der
1135 3851 1280 3925 Lyrisehen
1293 3851 1368 3906 Vers-

304 3958 379 4009 arten
409 3954 451 4009 bei
468 3954 581 4010 Plautus
601 3958 646 4008 cet.
665 3970 716 4008 von
736 3953 767 4006 Α.
786 3951 943 4022 Spengel
960 3952 1052 4017 (1882)
1073 3934 1117 4022 pg.
1136 3949 1197 4018 385.

339 4055 359 4116 2)
375 4049 566 4105 Sludcmundiua
584 4055 672 4104 cetera
690 4047 786 4103 Bothio
804 4048 959 4112 assentiens,
978 4046 1092 4102 lectione
1110 4046 1202 4123 catione
1222 4059 1289 4113 opus
1306 4057 1364 4095 esse

306 4152 399 4214 negat:
420 4147 510 4216 itaque
525 4148 591 4200 satin
609 4144 676 4215 legit
694 4143 789 4198 ultime
806 4142 945 4214 producta.
