3046 4966
673 544 727 636 97

103 704 105 710 ¹
200 729 305 794 ·Rud.
333 732 400 796 467
429 731 464 818 (l
481 756 488 796 :
505 735 546 797 5:
565 732 633 818 10).
659 733 721 797 Ubi
748 737 830 800 lu's?
855 737 995 801 etiamne
1019 696 1237 837 hanc-rimam
1327 694 1329 701 Ι

883 855 1108 938 accepturei's?
1133 854 1239 922 uhi‘s?

220 1090 288 1154 984
332 1090 365 1174 (l
381 1112 388 1155 :
403 1091 447 1154 4:
468 1092 520 1175 13)
553 1090 643 1156 ‘Cum
684 1092 820 1159 Miillero
863 1095 991 1178 utliuqd
1030 1115 1089 1176 pro
1127 1096 1240 1159 allidet

172 1209 314 1272 scribere
338 1209 433 1274 velim
460 1209 527 1295 (pg.
555 1209 632 1296 cll:
658 1215 826 1296 praeterea
851 1219 880 1279 ie
904 1214 1066 1290 delectum

220 1328 292 1392 Sue.
330 1330 430 1394 Vide'c
465 1349 540 1411 ego:
579 1332 644 1395 iam
680 1333 878 1398 incubitatus
914 1353 955 1396 es.
994 1333 1032 1398 P.
1065 1334 1115 1398 Ila
1147 1338 1236 1401 sum:

757 1452 836 1534 quid
861 1452 893 1515 id
919 1453 960 1516 ad
987 1453 1017 1515 le
1041 1453 1191 1532 attingit?
1217 1455 1239 1537 ¹)

175 1564 220 1631 cf.
259 1568 352 1633 Merc.
394 1589 436 1631 vs.
478 1570 538 1634 32:
572 1567 661 1647 Quae
697 1570 776 1634 nihil
813 1571 1044 1651 attinguntur
1069 1590 1153 1645 rem,
1181 1592 1240 1635 nec

175 1688 250 1750 sunt
276 1687 357 1751 usui.

224 1925 292 1988 999
319 1944 387 2008 sqq.
417 1925 534 2011 (9;9;
551 1928 609 2011 91)
631 1926 704 1991 ruri
729 1912 774 1991 su
798 1928 937 1993 habent:

579 2047 651 2111 Sue.
700 2046 740 2111 Di
765 2048 844 2111 deae
868 2067 921 2111 me
946 2067 1059 2112 omnes
1083 2049 1238 2130 perdant,

220 2161 288 2226 Nisi
313 2163 345 2226 ie
357 2164 465 2258 hodie,
478 2165 504 2228 si
517 2165 731 2247 prehendere,
745 2166 886 2247 defigam
903 2167 935 2229 in
950 2168 1070 2230 terram
1085 2165 1240 2248 colaphis.

219 2281 256 2344 P.
282 2282 414 2346 Amicus
438 2302 527 2348 sum:
554 2284 704 2348 eveniant
728 2273 801 2348 vole
826 2284 884 2348 tihi
907 2305 992 2366 quae
1013 2287 1116 2366 optas,
1142 2258 1241 2366 atque

818 2479 820 2483 Ι
1108 2403 1141 2467 id
1171 2403 1239 2467 fiel.

222 2518 273 2582 Tu
298 2539 351 2583 me
376 2519 509 2602 defiges
536 2523 566 2583 le
592 2522 678 2586 cruci
704 2523 809 2604 ipsum
828 2522 1017 2604 propediem
1031 2520 1161 2602 affigenl
1174 2520 1238 2585 elii.
1340 2509 1342 2513 ¹

173 2635 212 2700 R.
237 2639 347 2701 aulem
372 2638 432 2702 hos
456 2640 501 2703 sic
525 2639 694 2704 describit:
1153 2626 1156 2631 ⁴

508 2758 581 2824 See.
629 2759 669 2822 Di
698 2759 843 2841 deaeque
867 2779 919 2823 me
943 2778 1057 2823 omnes
1082 2759 1237 2840 perdenl,

219 2874 286 2940 Nisi
312 2879 341 2940 le
363 2877 468 2951 hodie,
483 2879 510 2941 si
523 2877 736 2959 prehendero,
751 2876 891 2958 defigam
903 2878 935 2941 in
950 2879 1068 2949 terram
1083 2877 1237 2958 cdlephis

220 3000 257 3063 P.
285 3000 420 3063 Amicus
444 3016 535 3061 sum:
562 2996 712 3060 eveniunt
737 2996 809 3060 volo
834 2997 892 3061 libi
916 3015 1001 3078 quae
1025 2997 1128 3078 dplas.
1166 2996 1238 3064 Suu.

982 3117 1025 3180 Ar
1049 3116 1105 3196 qui
1129 3115 1161 3178 id
1182 3114 1240 3179 fiat

220 3237 295 3301 Tun
320 3239 372 3300 me
398 3235 544 3317 defigas?
575 3235 611 3298 P.
638 3235 686 3298 Te
709 3234 797 3297 cruci
821 3235 928 3316 ipsum
953 3233 1098 3314 adfigent
1122 3253 1239 3316 prope-

382 3360 386 3368 '
1044 3353 1130 3416 diem
1156 3352 1235 3416 elici.

175 3473 363 3559 speuqellus
387 3474 474 3538 hunc
497 3475 606 3537 locum
631 3473 735 3536 mullo
749 3458 958 3536 illustriorem
976 3470 1125 3549 reddidit,
1139 3470 1239 3534 libro·
1264 3495 1269 3506 ·

210 3732 227 3794 ¹)
247 3730 280 3786 R.
315 3729 398 3785 Video
425 3730 474 3799 ego
502 3733 542 3784 te:
564 3729 616 3785 iam
633 3715 849 3783 incubiidtusesss
869 3726 898 3781 P.
918 3727 956 3781 ila
975 3724 1048 3779 siun:
1070 3724 1133 3797 quid
1151 3728 1239 3778 autem

1094 3818 1121 3875 id
1139 3819 1173 3874 ed
1191 3819 1240 3874 te?

210 3927 297 3979 Bris:
317 3923 406 3978 adnot.
426 3923 453 3977 in
471 3923 544 3990 Men,
563 3921 624 3979 722.
643 3922 673 3977 P.
693 3921 731 3976 ita
749 3921 772 3976 si
790 3939 865 3987 sum,
884 3917 1013 3991 numquid
1029 3917 1056 3973 id
1075 3917 1107 3973 ad
1124 3916 1169 3970 le?

211 4022 297 4074 Deuca
316 4018 386 4074 haud
404 4019 616 4074 multamlucem
637 4019 712 4085 affert
731 4017 864 4073 scribens:
1224 4069 1226 4073 .

217 4117 261 4170 Se:
285 4115 368 4170 Video
402 4133 451 4186 ego
478 4119 519 4171 tc:
553 4133 615 4170 nam·
630 4116 803 4170 intercutitus
822 4132 858 4169 es.
877 4112 976 4178 (Plani.
997 4110 1091 4182 explan
1111 4127 1153 4182 pg⁴
1173 4109 1241 4177 472).
1330 4135 1332 4140 ·

176 4213 246 4279 (Sive
267 4214 369 4276 etiamr:
389 4211 567 4287 impudicatus
589 4230 625 4268 cs.
