3046 4966
721 551 761 613 15

250 736 383 804 Ritscll.
408 739 441 802 S.
466 739 560 822 Sapis
583 740 723 804 multum
747 739 789 802 ad
806 739 947 819 genium.
973 738 1054 805 Tou
1074 739 1131 803 Set
1151 740 1266 822 ecquid

867 877 943 920 nam
965 858 1152 938 meministi,
1178 858 1264 921 here.

251 974 377 1040 Miller.
413 975 446 1039 S.
463 975 557 1058 Sapis
580 977 722 1063 multum
747 975 789 1039 ad
806 977 950 1056 genium.
968 976 1050 1043 Tox.
1069 977 1126 1040 sed
1146 976 1261 1058 ecquid
1367 998 1369 1005 ·

841 1108 843 1112 ’
898 1094 934 1158 lu
956 1095 1148 1172 meministi,
1174 1096 1261 1159 here.

202 1211 288 1276 Puto
321 1212 432 1277 autem
465 1214 592 1296 pentum
623 1232 689 1277 non
726 1212 869 1294 generali
893 1231 989 1276 sensu
1015 1213 1264 1292 intelligendum

204 1349 284 1408 esse,
312 1352 426 1396 verum
455 1333 665 1397 Saturionem
693 1333 798 1397 dicere
829 1331 908 1395 velle
933 1332 1085 1395 Toxilum
1124 1331 1264 1395 multum

201 1469 315 1532 sapere
337 1451 380 1515 ad
403 1453 535 1532 genium
558 1453 659 1534 ipsius
685 1450 911 1537 (Saturionis).
936 1451 1079 1532 Legatur
1102 1451 1212 1531 igitur:

248 1571 280 1636 S.
330 1570 424 1652 Sapis
464 1571 605 1636 multum
640 1572 683 1636 ad
719 1572 850 1653 genium
885 1573 1005 1634 merim..
1055 1569 1111 1633 Set
1151 1569 1266 1650 ecquid

139 1682 141 1689 ’
202 1689 395 1766 meministi,
421 1688 508 1752 here.

251 1927 329 2024 121·
342 1924 374 2001 (1
392 1948 400 1990 :
416 1927 436 1990 3
451 1948 458 1990 :
472 1925 531 2008 41)
552 1926 680 1990 Lubido
703 1927 864 2009 extemplo
889 1928 1053 2009 coeperest
1070 1927 1263 1990 convivium.

250 2045 315 2110 tan
350 2044 381 2128 (1
400 2066 407 2108 :
423 2040 550 2128 3:42).
588 2041 805 2106 Tuhdrcinari
829 2043 870 2106 de'
894 2062 953 2106 suo
977 2042 1106 2124 siquid
1131 2044 1262 2107 domist.

202 2163 244 2228 Hi
279 2181 390 2227 versus
425 2163 520 2226 valde
551 2160 697 2225 redolent
731 2161 842 2224 stilum
866 2160 1105 2225 adulterinum:
1131 2163 1265 2225 contex-

116 2310 120 2317 ·
202 2284 273 2346 tum
307 2281 460 2348 turbant:
498 2281 666 2363 praeterea
699 2298 810 2343 versus
845 2280 962 2362 turpes
984 2282 1078 2358 sunt,
1105 2281 1260 2362 imprimis

201 2399 264 2464 ista
294 2392 423 2464 iteratio
464 2399 511 2463 „si
544 2397 621 2479 quid
657 2396 785 2461 domist''
815 2416 854 2459 ex
879 2416 974 2461 versu
1002 2399 1078 2461 120.
1105 2397 1259 2462 Bochorn

202 2537 258 2582 eos
291 2519 336 2582 sic
370 2519 523 2600 explicat:
577 2515 745 2580 „Gnonam
781 2515 866 2580 hanc
903 2535 970 2579 non
1005 2517 1084 2580 satis
1107 2516 1264 2580 videntur

208 2639 406 2720 „percepisse
427 2636 628 2718 interpretes.
657 2634 726 2698 Hoc
750 2633 835 2697 vult:
860 2653 928 2697 non
953 2634 1036 2697 hene
1053 2635 1263 2716 parasitatur‚

209 2757 277 2822 ‚cui
295 2751 484 2838 'argentum
519 2757 568 2819 est
594 2753 692 2817 domi.
741 2753 830 2816 Talis
855 2754 1039 2828 enimcum
1063 2752 1266 2818 tuburcinari

153 2908 155 2912 ·
209 2874 329 2956 ‚possit
362 2873 402 2936 de
438 2891 507 2947 suo,
543 2869 614 2934 aliis
647 2869 803 2939 serviliter
837 2871 1036 2952 parasitandi
1073 2871 1264 2937 nonhabet

209 2992 461 3056 »necessitatem
491 2965 671 3054 Necessitas
694 2991 727 3053 et
749 2989 923 3053 domestica
949 2991 1058 3072 iuopia
1074 2989 1150 3054 iacit
1167 3010 1263 3072 para-

75 3104 84 3137 ¹
209 3111 321 3175 asilos..
340 3110 414 3188 Quo
436 3110 509 3192 quis
533 3109 707 3192 pauperior
730 3110 779 3173 est
803 3128 841 3172 eo
861 3105 1054 3191 plerumque
1077 3108 1192 3172 melior
1217 3110 1264 3173 est

209 3228 406 3312 „parasitus”
452 3229 709 3310 Explicationem
742 3228 918 3292 Boxhornii
954 3227 1095 3291 multum
1119 3226 1263 3292 antefero

204 3349 349 3413 versibus
378 3347 546 3427 librorum,
571 3347 628 3410 sed
650 3346 764 3410 dubito
788 3366 869 3411 num
891 3365 1003 3410 versus
1024 3348 1102 3411 satis
1126 3347 1169 3410 ad
1193 3366 1264 3410 rer-

204 3468 283 3532 bum
318 3467 435 3531 redditi
468 3467 542 3530 sint
596 3465 703 3529 ‚Talis
726 3465 813 3529 euim
836 3484 911 3528 curn
936 3464 1140 3529 tuburcinari
1163 3465 1265 3546 possit

205 3589 246 3652 de
271 3588 351 3654 suo”
372 3587 468 3670 longe
489 3587 579 3652 aliud
593 3585 759 3678 ‚quiddam
781 3586 829 3651 est
851 3604 903 3650 ac:
936 3584 1080 3649 ‚Lubido
1100 3582 1263 3666 extemplo
1385 3676 1389 3683 ι

205 3707 273 3773 est''
295 3709 356 3772 etc.

251 3825 337 3890 Puto
360 3825 446 3889 hane
468 3823 660 3907 particulam
685 3824 788 3919 multo
811 3822 1063 3887 luculentiorum
1078 3822 1261 3902 Plautoque
1287 3801 1288 3806 ἵ

205 3944 385 4029 digniorem
406 3943 567 4008 ambobus
590 3943 678 4007 hisce
701 3941 807 4006 verbis
830 3941 943 4006 deletis
967 3943 1012 4005 sic
1036 3941 1114 4021 legi:

256 4180 331 4245 lau.
355 4179 453 4244 Nihili
475 4180 636 4261 parasitus
660 4182 720 4258 est,
747 4181 919 4259 argentum
942 4179 1019 4260 quoi
1044 4177 1184 4241 domist:
