3046 4966
739 509 783 571 48

157 785 159 790 .
223 725 312 807 quod
345 724 419 787 dein
445 744 464 788 a
488 724 581 805 patre
604 724 675 806 ipso
699 723 828 787 volente
853 724 953 804 atque
978 722 1112 787 iubente
1137 723 1296 799 aufertur,

195 826 197 830 ὗ
224 845 280 927 qui
315 846 427 908 autem
464 861 523 925 pro
550 842 605 906 illa
629 842 825 907 liberalitate
850 843 1034 924 praemium
1059 861 1155 906 suum
1181 844 1298 926 pactus

225 964 282 1026 est.
331 962 367 1025 ln
409 961 585 1026 Aulularia
624 961 720 1025 nobis
760 961 955 1044 proponitur
995 961 1103 1043 imago
1144 962 1297 1026 sordidae

175 1064 178 1072 ⁸
225 1082 443 1164 parsimoniae
466 1083 565 1164 atque
590 1081 745 1145 avaritiae
763 1081 796 1145 in
812 1081 968 1145 Euclione
980 1099 1056 1144 sene
1070 1077 1154 1164 (viro
1168 1078 1297 1164 libero),

226 1200 423 1284 quibuscum
472 1201 625 1265 cohaeret
682 1200 929 1264 matrimonium
990 1199 1078 1280 quod
1138 1199 1175 1262 fit
1214 1200 1299 1263 inter

226 1319 390 1383 Euclionis
413 1318 514 1382 filiam
539 1321 572 1382 et
587 1319 785 1400 Lyconidem
805 1315 1085 1404 (adulescentem).
1110 1320 1148 1383 In
1167 1319 1298 1400 elegan-

228 1438 351 1502 tissima
383 1436 504 1517 fabula,
538 1457 623 1520 quae
657 1435 783 1520 Ooptive'
815 1437 1003 1502 inscribitur
1027 1439 1155 1502 animus
1187 1439 1300 1502 noster

226 1557 367 1621 vincitur
403 1556 585 1621 admirabili
620 1558 703 1621 servi
739 1557 804 1621 fide
840 1558 874 1621 in
912 1558 1028 1621 herum
1065 1576 1180 1634 suum,
1213 1576 1299 1640 quae

228 1675 309 1739 fides
344 1675 486 1739 mulium
517 1675 641 1741 confert
667 1677 709 1742 ad
735 1678 935 1757 agnitionem
965 1678 1046 1741 eius:
1073 1696 1185 1741 servus
1210 1677 1297 1740 enim

228 1813 293 1858 non
327 1794 392 1871 est,
425 1794 482 1858 sed
514 1794 688 1859 filiuseius
709 1796 802 1859 cuius
826 1796 858 1859 in
895 1796 1040 1873 domum,
1062 1795 1148 1859 bello
1171 1798 1297 1878 captus

229 1913 379 1976 venerat:
405 1932 519 1977 omnes
545 1913 610 1978 fere
634 1934 794 1997 personae
814 1916 872 1979 viri
894 1914 985 1978 liberi
1004 1916 1082 1978 sunt
1098 1915 1185 1998 iique
1202 1915 1299 1997 primi

229 2031 361 2095 ordinis.
408 2031 474 2095 lter
498 2029 699 2098 Oruculionr's
720 2034 754 2097 in
782 2033 903 2112 tabula,
927 2033 979 2097 cui
992 2034 1060 2097 eius
1076 2054 1197 2097 nomen
1214 2034 1299 2097 indi-

230 2153 301 2214 tum
329 2151 395 2228 est,
424 2151 458 2213 in
483 2149 613 2214 Cariam
649 2152 710 2216 hoe
735 2153 868 2216 consilio
893 2154 1069 2234 suscipitur
1094 2154 1130 2216 ut
1157 2153 1298 2234 pecunia

81 2284 83 2288 ’
120 2363 121 2367 ¹
230 2270 361 2351 petatur
403 2267 609 2333 Phaedromo
653 2269 900 2354 (adulescenti):
947 2272 1120 2352 pecuniam
1164 2271 1298 2352 quidem

229 2389 380 2452 mutuam
407 2407 474 2452 non
495 2387 628 2470 accipit,
655 2387 749 2453 militi
772 2390 883 2453 autem
908 2389 982 2452 lusu
1008 2389 1169 2453 annulum
1193 2390 1296 2453 suffu-

230 2509 321 2570 ratus
348 2506 427 2569 satis
450 2505 551 2570 habet
574 2506 617 2571 ad
640 2507 884 2589 impetrandum
908 2508 997 2590 quod
1022 2509 1161 2590 petitur:
1186 2511 1299 2590 postea

230 2626 322 2690 miles
357 2625 523 2707 cognoscit
557 2645 630 2689 earn
661 2644 762 2707 quam
797 2626 983 2708 deperibat,
1021 2646 1164 2690 sororem
1197 2628 1298 2709 ipsius

230 2763 307 2809 esse.
358 2745 395 2808 ln
421 2741 541 2810 Ounno
563 2745 696 2828 quidem
720 2722 792 2809 duo
811 2746 956 2809 conservi
982 2765 1081 2810 unam
1106 2765 1297 2810 conservam

229 2865 405 2946 expetunt,
442 2866 552 2928 tamen
585 2884 651 2929 non
683 2864 743 2928 sibi
774 2865 869 2947 ipsis:
902 2865 983 2955 alter
1004 2867 1100 2947 patri,
1125 2865 1208 2929 alter
1231 2865 1297 2929 filio

228 2984 318 3067 (viris
361 2981 484 3067 liberis)
517 3003 651 3066 operam
681 2979 760 3059 dat;¹
792 2986 829 3048 ut
868 3003 909 3048 ne
946 2984 998 3047 hic
1033 2982 1165 3066 quidem
1203 3003 1295 3048 ama-

229 3103 351 3167 tionem
382 3101 533 3167 servilem
562 3104 793 3184 argumentum
820 3102 950 3168 fabulae
975 3102 1072 3166 huius
1100 3121 1168 3165 esse
1191 3102 1297 3166 dicere

228 3223 407 3305 possimus:
434 3223 539 3287 exitus
563 3223 649 3286 enirn
673 3223 783 3286 estut
806 3222 891 3286 filius
915 3220 1069 3285 Casinam
1093 3223 1197 3286 civem
1221 3241 1296 3303 cog·

229 3342 333 3406 nitam
364 3343 500 3406 domum
530 3342 638 3406 ducat.
687 3342 724 3405 In
758 3309 939 3407 cartularia
969 3342 1045 3405 ante
1069 3340 1180 3404 oculos
1204 3340 1298 3405 nobis

173 3529 179 3538 ,
228 3462 422 3544 proponitur
445 3476 654 3546 αναγνωρισμός
678 3460 796 3525 Selenii
818 3459 842 3541 ¹)
867 3479 952 3544 quae
982 3461 1070 3541 virgo
1094 3459 1197 3523 libera
1222 3478 1291 3522 esse

145 3556 148 3562 ⁴
227 3580 422 3662 perspicitur
452 3583 483 3645 et
516 3579 633 3643 deinde
662 3579 757 3644 nubit
789 3579 1031 3644 Alcesimarcho
1056 3576 1285 3663 (adulescenti)

227 3699 265 3762 In
289 3697 426 3780 Epidico
449 3699 556 3763 omnis
571 3698 657 3781 'lapis
680 3700 831 3795 movetur
854 3700 891 3763 ut
914 3699 1100 3780 requiratur
1124 3699 1296 3778 argentum

228 3816 437 3899 Stratippocli
445 3817 697 3902 (adulescenti).
749 3852 751 3860 ·

233 3974 444 3984 ———-..--

264 4064 292 4134 1)
327 4065 453 4121 Scribens
469 4067 592 4123 Selenium
608 4074 717 4124 secutus
734 4086 792 4123 sum
812 4068 1014 4124 Studemundr'um
1032 4071 1069 4135 (in
1090 4069 1182 4124 Indice
1200 4070 1296 4130 Schol.

228 4162 256 4216 in
272 4159 353 4215 Univ.
370 4161 422 4217 litt.
442 4162 691 4235 Gryphiswaldensi.
710 4163 906 4227 1871-1872).
