3046 4966
736 530 992 595 81,.

223 722 327 787 lacere
361 698 491 803 incipit,
527 724 580 786 cui
616 740 682 785 non
707 722 901 786 adversatur
933 720 1069 784 Toxilus
1095 720 1178 801 (819
1206 717 1292 803 sqq).

222 840 371 904 Tandem
407 839 584 919 Sagaristio
621 858 655 902 se
683 840 771 903 rixae
794 838 991 921 interponit,
1029 856 1148 920 quem,
1186 836 1296 899 lenoni

224 957 404 1022 minantem
415 975 460 1035 se,
475 956 538 1020 nisi
551 957 668 1035 taceat,
690 957 799 1021 denuo
817 956 952 1021 Persam
971 955 1195 1019 adducturum
1216 973 1296 1029 esse,

224 1074 277 1139 ille
312 1075 423 1139 statim
457 1075 618 1155 agnoscit,
657 1074 785 1139 dicens:
821 1074 952 1139 „Taceo
984 1073 1112 1151 hercle,
1135 1073 1236 1154 atque
1262 1073 1298 1136 tu

102 1255 105 1263 ,
224 1191 349 1257 Persa’s
372 1193 429 1275 qui
452 1211 503 1255 me
528 1212 634 1275 usque
659 1192 893 1257 admutilavisti
919 1192 962 1257 ad
988 1189 1130 1256 cutem.”

273 1311 452 1393 Hucusque
473 1309 572 1396 (832)
587 1310 698 1375 omnia
711 1312 797 1375 recte
810 1310 994 1393 procedunt
1007 1309 1115 1372 verbis
1128 1308 1204 1390 apte
1217 1307 1302 1370 inter

227 1448 261 1493 se
289 1428 558 1493 cohaerentibus:
585 1429 758 1503 convivae,
776 1429 956 1492 structores
968 1427 1163 1491 insidiarum
1176 1424 1302 1488 intelle·

224 1550 306 1627 gunt
330 1547 483 1612 lenonem
510 1547 624 1611 omnia
648 1547 715 1610 iam
741 1547 955 1628 comperisse:
981 1545 1042 1627 ipsi
1067 1544 1133 1608 voti
1153 1541 1301 1607 damnati

228 1666 322 1729 sunt:
348 1664 422 1728 leno
447 1666 617 1747 praeterea
642 1664 783 1728 ludibrio
808 1664 941 1729 habitus
967 1665 1014 1727 est
1032 1664 1064 1727 et
1081 1663 1195 1744 plagas
1212 1679 1304 1724 acce·

230 1783 277 1864 pit
313 1782 402 1866 (805,
442 1780 542 1868 810),
582 1783 798 1864 quamobrem
830 1783 952 1864 optime
989 1782 1050 1845 hoc
1086 1780 1157 1843 loco
1195 1779 1305 1842 aditus

230 1899 366 1983 quidam
401 1899 444 1963 ad
479 1899 579 1963 finem
616 1898 660 1986 (e.
697 1919 724 1963 e.
756 1900 976 1963 reconciliatio
1001 1898 1195 1963 concordiae
1220 1897 1305 1961 inter

229 2017 383 2081 lenonem
404 2017 586 2102 etceteros)
609 2017 739 2081 fabulae
763 2019 895 2081 nostrae
920 2018 1137 2099 colophonem
1161 2016 1304 2080 adderet.

277 2135 360 2198 Item
394 2135 473 2199 satis
508 2135 652 2216 placeret
687 2136 714 2199 si
738 2136 851 2200 statim
874 2135 949 2217 post
973 2156 1003 2200 v.
1029 2135 1097 2199 832
1122 2136 1304 2216 legeremus

233 2250 333 2315 finem
369 2251 500 2316 fabulae
535 2253 667 2316 nostrae
706 2253 979 2335 comprehensum
1016 2274 1045 2317 v.
1085 2254 1151 2317 852
1167 2289 1211 2298 -
1226 2252 1308 2318 857.

235 2368 327 2447 Quae
359 2370 472 2434 autem
495 2370 633 2450 legimus
657 2390 686 2434 v.
713 2371 894 2435 833-851
923 2391 990 2436 non
1014 2371 1121 2436 solum
1145 2388 1303 2452 superva-

235 2506 338 2551 canea
363 2507 441 2562 esse,
469 2508 581 2552 verum
595 2489 737 2552 multum
754 2489 918 2554 offendere
935 2490 1015 2553 mihi
1032 2490 1201 2553 videntur:
1220 2488 1310 2552 haud

237 2605 375 2669 dubium
411 2607 492 2670 mihi
527 2607 659 2690 quidem
688 2610 737 2671 est
762 2609 841 2690 quin
867 2611 925 2672 aut
948 2609 1010 2672 hoc
1035 2607 1106 2672 loco
1131 2608 1171 2672 de
1197 2609 1311 2671 conta-

237 2722 416 2786 minatione
439 2721 652 2803 cogitandum
664 2723 721 2797 sit,
747 2724 805 2787 aut
822 2724 903 2787 haec
922 2724 989 2787 sint
1006 2723 1117 2787 addita
1136 2725 1173 2786 ut
1189 2720 1311 2796 fabula,

240 2859 307 2923 qua
342 2839 448 2904 forma
482 2858 572 2904 nunc
608 2857 681 2905 eam
705 2840 874 2917 habemus,
912 2842 990 2906 satis
1019 2842 1135 2921 brevic,
1162 2839 1311 2923 paullum

241 2957 480 3022 extenderetur.

287 3074 423 3157 Singula
453 3075 601 3141 membra
625 3077 700 3141 huis
724 3078 826 3159 partis
849 3078 961 3160 paullo
984 3077 1169 3144 accuratius
1195 3077 1307 3159 exqui-
1368 3125 1369 3129 ,

133 3173 135 3177 ⁸
242 3211 371 3257 ramus:
408 3213 439 3257 v.
465 3195 532 3257 833
570 3193 608 3257 T.
664 3195 775 3276 »Agite
811 3196 900 3262 hunc
932 3196 1026 3261 sultis
1039 3197 1064 3277 ¹)
1087 3192 1316 3259 ludificemus’'

243 3312 339 3393 quasi
375 3329 463 3375 nunc
500 3311 633 3375 demum
656 3312 847 3379 ludificandi
877 3313 1008 3378 initium
1032 3313 1107 3376 fiat!
1157 3313 1226 3375 lam
1252 3310 1309 3375 diu

244 3430 359 3493 contra
389 3429 545 3493 convivae
567 3429 720 3494 lenonem
743 3431 885 3496 ludibrio
909 3430 1044 3494 habent.
1093 3430 1131 3493 V.
1156 3428 1224 3492 804
1249 3428 1314 3491 iam

246 3546 382 3611 Toxilus
405 3546 469 3611 tale
494 3550 706 3630 praeceptum
726 3547 861 3612 dederat
874 3544 992 3633 (nquin
1006 3545 1124 3610 delude
1139 3546 1174 3608 ut
1193 3544 1321 3625 soles”),

228 3664 336 3747 *quod
360 3683 570 3751 nequaquam
592 3666 777 3747 neglectum
801 3665 884 3730 erat.

295 3782 381 3846 Tum
405 3776 554 3864 sequitur
577 3782 744 3848 altercatio
767 3781 875 3846 Toxili
899 3771 931 3846 et
954 3781 1200 3857 Lemniselenis,
1235 3800 1320 3862 quae

249 3903 423 3982 praecepto
458 3899 563 3965 Toxili
599 3899 781 3983 obloquens
813 3919 899 3964 „non
925 3920 986 3982 par
1015 3917 1085 3963 esse
1110 3899 1188 3963 dicit
1212 3918 1246 3962 se
1271 3899 1323 3962 lu-

290 4155 307 4215 ¹)
325 4150 370 4203 Sic
387 4167 446 4203 cnm
466 4151 598 4222 Guyeto
617 4152 793 4208 scribendum.
812 4153 898 4208 Libri:
920 4154 1006 4223 aagite
1025 4150 1103 4206 sultis
1122 4152 1224 4205 hunc''.

1215 4256 1234 4316 u
