3046 4966
733 519 814 608 eo

223 714 320 794 Virgo
346 712 387 776 ad
412 711 684 793 Sagaristionem:
710 709 782 775 Fue
798 710 873 774 dum
887 762 893 776 .
909 761 916 776 .
933 761 940 775 .
956 761 963 778 .
980 717 1092 776 tereus.
1120 710 1215 791 Virgo
1233 710 1292 774 aut

225 834 360 914 Sagen:
387 831 502 896 curabo
515 821 561 895 'ut
583 829 664 895 uoles
678 826 712 914 ¹).

222 951 265 1015 Vs
302 951 368 1015 609
405 950 513 1014 denuo
550 967 661 1031 pressa
696 967 774 1012 voce
811 948 916 1013 dictus
941 951 998 1013 est.
1047 935 1127 1013 Inde
1151 968 1171 1012 a
1195 967 1291 1012 versu

223 1070 300 1149 611,
326 1069 437 1134 omnia
461 1067 548 1133 clara
573 1087 650 1132 voce
676 1068 839 1133 dicuntur.
866 1069 999 1151 Sequere
1023 1089 1071 1133 rue
1088 1065 1237 1154 (Toxilus
1250 1067 1293 1131 ad

221 1189 389 1271 virginem)
415 1187 538 1253 adduco
561 1187 642 1252 boue
667 1188 727 1252 etc.
755 1185 1013 1273 (611·16110116111).
1040 1188 1167 1268 Virgine
1193 1185 1292 1251 allata

222 1307 356 1372 Toxilus
380 1308 422 1372 ad
447 1306 702 1388 Sagaristionem
728 1303 1048 1391 (pseudo-hospitem
1072 1294 1184 1392 suum)
1197 1307 1291 1384 redit,

222 1446 287 1510 quo
310 1425 395 1491 facto
420 1426 494 1489 leno
519 1424 561 1489 ab
587 1444 625 1488 eo
649 1426 730 1506 petit
754 1426 791 1489 ut
815 1425 876 1489 sibi
901 1427 1059 1508 virginem
1079 1429 1293 1508 interroganti

222 1545 322 1609 adsit:
348 1544 463 1631 Toxilo
488 1544 621 1625 neganti
646 1544 830 1626 dicentique
854 1564 888 1608 se
912 1545 1032 1628 hospiti
1056 1565 1189 1629 operam
1215 1546 1294 1612 dare

223 1664 341 1728 debere
365 1664 541 1745 Sagaristio
566 1663 694 1727 veniam
718 1663 775 1728 dat
800 1666 836 1728 ut
856 1664 898 1729 ad
915 1665 1066 1730 lenonem
1086 1687 1121 1731 se
1134 1666 1290 1748 conferat,

223 1803 333 1865 aquo
357 1783 509 1847 dimissus
533 1783 643 1846 lenoni
668 1801 801 1864 operam
827 1802 922 1846 suam
946 1783 1124 1866 pollicetur.
1155 1820 1158 1824 ·

272 2021 337 2084 631
376 2039 445 2102 sqq.
492 2016 668 2105 (4:4180
706 2017 791 2106 sqq).
831 2019 876 2085 T.-
897 2021 983 2086 Haec
1020 2024 1080 2088 erit
1104 2025 1162 2089 tibi
1187 2026 1294 2101 fausta

690 2139 864 2203 meretrix:
890 2143 999 2206 natast
1022 2141 1056 2205 in
1081 2142 1186 2208 calido
1210 2145 1293 2224 loeo,

271 2257 343 2323 'Ubi
367 2278 476 2321 rerum
501 2257 650 2322 omnium
674 2257 836 2322 bonarum
862 2260 995 2341 copiast,
1021 2261 1202 2326 scitissume

270 2378 406 2442 'factust
429 2377 518 2453 leno,
541 2379 609 2459 qui
623 2378 763 2458 rogarat,
790 2377 846 2441 ubi
870 2380 949 2443 nata
974 2381 1067 2455 esset,
1093 2381 1220 2447 diceret.

271 2498 393 2580 Lepide
417 2496 501 2560 lusit.

223 2616 267 2679 Vs
292 2616 359 2680 634
385 2617 521 2681 mirifice
544 2617 812 2700 interpolatorem
840 2616 916 2694 olet,
941 2618 998 2699 qui
1024 2638 1152 2685 versum
1176 2622 1297 2691 faceret

224 2754 289 2816 quo
327 2735 500 2802 referretur
525 2737 698 2802 scitissime.
749 2734 852 2799 Multo
877 2736 992 2800 melius
1015 2757 1109 2803 versu
1135 2736 1196 2806 isto
1224 2743 1296 2808 lan-

224 2853 413 2934 guidissimo
440 2855 546 2920 deleto
570 2856 616 2919 sic
641 2855 803 2934 legemus:

270 2972 309 3036 T.
340 2974 428 3037 llae'e
453 2975 512 3039 erit
539 2974 597 3038 tibi
610 2973 717 3038 fausta
729 2974 899 3038 meretrix:
925 2977 1035 3041 natast
1048 2977 1082 3041 in
1095 2979 1200 3044 calido
1213 2980 1295 3060 loco,

144 3279 147 3284 ,
262 3215 279 3272 ¹)
298 3213 410 3269 Tantum
427 3214 492 3269 hacc
508 3214 588 3269 verba
606 3215 629 3267 A
649 3213 754 3285 profert.
774 3213 957 3269 incertissima
974 3216 1079 3288 quidem
1097 3236 1138 3273 res
1157 3223 1198 3274 est
1216 3221 1296 3276 talem

224 3326 328 3364 versum
355 3310 476 3382 explere:
505 3309 676 3365 nihilosecius
703 3309 730 3364 id
757 3311 800 3381 egi
823 3315 853 3364 ut
878 3311 1020 3366 scriberem
1047 3331 1115 3385 quae
1142 3333 1184 3370 me
1209 3316 1297 3372 iudice

224 3422 358 3461 connexus
377 3406 530 3462 desiderat:
672 3401 673 3404 ¹

258 3504 290 3555 V.
315 3501 383 3567 Fur,
403 3501 465 3556 dum
484 3501 546 3556 huic
564 3521 670 3575 operam
688 3502 731 3567 do,
750 3507 781 3558 tu
798 3503 907 3558 interibi
924 3504 1020 3560 ticeas.
1039 3506 1145 3563 (iurabo
1164 3509 1195 3563 ut
1214 3509 1296 3564 voles.

224 3596 301 3666 Quod
328 3597 425 3652 attinet
452 3597 485 3651 ad
508 3615 565 3652 voc.
592 3600 700 3660 interibi,
728 3599 857 3654 rationem
883 3598 964 3654 habui
981 3601 1214 3658 animadversionis
1235 3605 1297 3659 Rit-

224 3692 316 3746 sohelii
344 3692 376 3747 ad
402 3692 566 3748 Glossarium
594 3694 749 3749 Plautinum
776 3698 792 3748 i.
818 3713 841 3748 v.
860 3697 962 3754 interibi
978 3698 1169 3774 (lt-'opuscula
1185 3700 1236 3754 Vol
1257 3701 1296 3756 ll.

224 3807 266 3861 pg.
286 3789 362 3853 266):
385 3790 502 3849 ,intuiti
519 3808 533 3844 e
550 3790 631 3845 Persa
648 3795 801 3863 excerptum
819 3791 862 3846 vix
881 3809 959 3863 posse
975 3792 1092 3849 dubitari
1110 3795 1215 3850 videtur
1232 3797 1296 3868 quin

226 3884 330 3956 ,aliquo
357 3886 416 3940 loco
441 3884 607 3940 interciderit
629 3887 699 3942 inter
727 3906 750 3941 v.
771 3889 821 3942 588
841 3895 867 3943 et
886 3889 936 3946 677
955 3889 1036 3943 huius
1054 3889 1171 3956 fabulae3
1191 3891 1297 3962 quondo

226 3999 333 4053 ,parum
362 3979 488 4036 credibile
514 3991 555 4037 est
573 3989 692 4055 spectare
717 3983 800 4050 illud,
820 4002 943 4039 versuum
959 3985 1051 4039 ordine
1070 3992 1178 4057 prorsus
1194 3988 1297 4041 inverso

226 4078 284 4138 ‚rel
302 4079 424 4149 neglecto
444 4079 476 4134 ad
494 4079 523 4134 I:
544 4079 577 4133 3:
597 4080 747 4145 ,88116513’

225 4175 352 4230 Potestne
371 4177 428 4232 lieri
446 4182 476 4232 ut
492 4177 535 4231 hic
553 4176 627 4231 locus
643 4176 690 4231 ille
712 4176 821 4248 reliquis
838 4177 929 4232 locus”
952 4177 1048 4233 luerit?
