3046 4966
741 580 784 643 52

226 769 259 832 et
293 769 449 833 lateribus
482 771 549 834 suis
585 770 775 845 consuleret,
802 770 919 835 invitat
943 772 979 835 ut
1003 788 1115 834 seeum
1138 768 1173 834 in
1200 772 1298 835 domo

175 927 176 930 =
226 887 295 951 heri
331 887 432 952 vivat:
466 908 500 952 se
524 888 661 953 liberam
685 890 786 954 vitem
810 909 905 971 agere
929 890 1018 972 quod
1043 891 1140 954 herus
1165 910 1299 972 peregre

224 1007 275 1086 sit,
300 1025 441 1090 eumque
465 1008 548 1072 bene
572 1008 784 1088 accepturum
808 1026 885 1071 esse.
913 1007 1030 1072 Subito
1055 1009 1167 1071 autem
1181 1007 1299 1070 transit

225 1126 267 1189 ad
303 1146 341 1191 ea
376 1147 463 1210 quae
498 1129 628 1193 tantum
664 1126 845 1192 cordolium
870 1126 898 1190 ei
922 1127 1065 1204 movent,
1092 1146 1170 1191 nam
1200 1126 1298 1189 »haec

226 1244 294 1309 dies
332 1266 461 1311 summa
501 1248 643 1327 hodiest‚
685 1266 757 1312 mea
797 1247 844 1310 mi
883 1246 988 1310 amica
1010 1246 1093 1310 sitne
1117 1246 1229 1323 libera,
1255 1264 1299 1308 au

225 1367 458 1447 sempiternam
482 1368 670 1432 servitutem
694 1363 834 1430 serviat”
861 1362 929 1450 (el,
958 1366 1017 1450 35)
1045 1367 1084 1448 ¹).
1103 1365 1197 1429 Clare
1218 1383 1299 1428 sane

226 1465 321 1546 nobis
360 1502 428 1548 non
467 1484 647 1566 explicatur
686 1504 706 1548 a
745 1481 863 1547 Plauto
896 1503 981 1565 quae
1014 1484 1121 1548 adhuc
1151 1485 1298 1549 condicio

226 1601 457 1667 Lemniselenis
479 1603 505 1684 2)
542 1604 640 1669 luerit
662 1621 768 1685 neque
803 1620 903 1684 quam
935 1602 1158 1667 condicionem
1182 1605 1215 1668 in
1238 1623 1298 1686 po-

224 1723 349 1787 sterum
372 1724 533 1787 nanciura
557 1724 617 1802 sit,
644 1742 756 1787 verum
780 1722 891 1806 quoad
915 1724 1017 1805 possit
1036 1724 1098 1788 hoo
1114 1724 1298 1804 intelligen-

226 1841 306 1906 dum
342 1844 390 1906 est
414 1861 453 1906 ex
477 1843 621 1907 versibus
653 1844 720 1908 836
746 1844 778 1907 et
803 1843 888 1907 837:
919 1862 1018 1908 „nam
1043 1842 1150 1906 hercle
1174 1842 1299 1924 absque

226 1980 277 2024 me
313 1961 411 2025 Feret
446 1962 478 2025 et
513 1981 586 2026 meo
622 1963 793 2044 praesidio,
819 1962 871 2026 hie
895 1962 1015 2027 faceret
1039 1962 1071 2025 te
1095 1952 1298 2043 prostibilem

226 2078 447 2162 propediem.'’

271 2195 519 2276 Quoniamhue
543 2202 605 2266 loci
629 2221 680 2266 res
704 2221 764 2266 nos
788 2202 925 2267 adduxit
948 2201 981 2266 in
1007 2203 1117 2266 animo
1142 2201 1191 2264 est
1215 2201 1294 2264 mihi

225 2321 383 2385 nonnulla
408 2319 672 2407 proferraquae
695 2320 881 2386 Lodewieus
905 2321 944 2385 de
968 2341 1004 2386 vs
1031 2319 1084 2398 34,
1105 2320 1146 2384 35
1161 2319 1296 2400 aliisque

224 2437 471 2503 difficultatibus
507 2438 658 2503 disseruit
692 2439 725 2502 in
758 2438 920 2523 Philolopo
943 2439 1029 2504 XVll
1054 2459 1104 2520 pg.
1130 2438 1199 2502 474
1223 2456 1293 2521 sqq.

223 2557 409 2623 Ladewieus
443 2558 477 2621 in
502 2558 614 2639 primis
645 2558 787 2639 priorem
811 2560 939 2640 partem
954 2557 1080 2636 'Persae
1104 2558 1296 2622 lacunosam

224 2696 293 2741 esse
327 2677 465 2752 iudicat,
504 2679 667 2761 negatque
703 2678 814 2758 patere
850 2697 934 2759 quae
971 2678 1053 2741 ratio
1078 2676 1194 2741 Toxilo
1218 2695 1293 2739 eum

223 2794 339 2859 lenone
377 2795 558 2860 intercedat
595 2817 671 2861 cum
710 2816 776 2861 non
812 2795 1018 2877 intellegatur
1049 2793 1094 2859 1⁰.
1119 2814 1178 2859 cur
1205 2795 1293 2858 Tox-

223 2918 286 2983 ilus
313 2920 405 2984 tanto
437 2937 535 3001 opere
562 2916 672 2979 lenoni
696 2916 798 2979 iratus
825 2913 867 2979 sit
893 2934 1033 2997 eumque
1056 2914 1166 2978 ulcisci
1192 2912 1291 2990 velit;

224 3037 269 3104 2⁰.
308 3059 374 3122 qua
410 3058 445 3102 re
478 3035 640 3101 adductus
676 3034 837 3117 pollicitus
866 3035 950 3098 esset
981 3042 1015 3097 se
1040 3033 1091 3097 die
1116 3032 1295 3096 constituto

223 3160 397 3242 pecuniam
440 3177 500 3240 pro
535 3156 640 3219 amica
679 3152 864 3218 soluturum
905 3173 984 3229 esse,
1021 3171 1096 3216 eum
1133 3170 1296 3233 nusquam

222 3279 330 3343 rivalis
366 3278 489 3342 mentio
525 3277 604 3353 fiat;
645 3273 689 3340 3⁰.
728 3293 794 3358 qua
832 3273 965 3348 ratione,
1000 3271 1027 3335 si
1063 3270 1197 3334 Toxilus
1221 3289 1297 3352 pro·

222 3399 328 3462 missis
352 3416 419 3462 non
443 3398 561 3474 staret,
598 3394 829 3460 Lemniselenis
853 3392 1082 3474 sempiternam
1106 3389 1295 3453 servitutem

221 3519 356 3582 serviret
379 3518 564 3598 cogeretur,
590 3535 666 3581 eum
690 3514 770 3580 nihil
796 3512 967 3595 impediret
990 3511 1166 3592 quominus
1181 3512 1293 3591 postea

222 3637 456 3712 redimeretur;
483 3633 531 3701 4⁰.
556 3637 697 3718 denique
721 3632 887 3699 nonnullis
912 3630 1017 3695 verbis
1046 3628 1180 3692 indicari
1195 3626 1295 3690 videri

223 3755 307 3819 iuter
327 3755 480 3818 lenonem
504 3755 536 3818 et
560 3754 712 3819 Toxilum
739 3753 791 3834 agi
820 3751 858 3816 rie
883 3768 1016 3814 versura
1039 3747 1197 3826 facienda,
1211 3764 1297 3827 quae

260 4043 277 4100 ¹)
296 4035 328 4090 In
354 4035 472 4090 versibus
498 4033 673 4088 memorandis
699 4036 807 4088 secutus
825 4051 883 4086 sum
905 4031 1048 4086 editionem
1071 4030 1285 4105 tlilschelianam.

258 4135 277 4197 ³)
298 4132 337 4186 De
360 4132 492 4204 scriptura
515 4132 689 4185 Lemniselenis
713 4147 760 4201 pro
779 4146 832 4201 quo
850 4129 912 4183 libri
930 4128 1028 4182 habent
1048 4129 1215 4182 lemniselene
1231 4125 1291 4180 vide

225 4228 250 4283 R
273 4227 384 4299 praelat.
406 4245 449 4299 pg.
472 4225 504 4280 X.
