3046 4966
733 475 777 539 56

221 665 476 747 Sagaristionem
489 685 624 730 suarum
636 671 765 734 aurium
779 668 854 733 fidei
866 668 947 733 nihil
963 669 1168 757 crediturum·
1180 669 1288 733 fuisse.

270 782 317 850 2⁰.
343 784 448 848 Verba
472 786 569 849 huius
594 807 704 853 versus
728 790 760 853 et
784 809 829 853 vs.
854 788 899 854 47
925 789 1023 872 plane
1047 791 1132 854 inter
1156 808 1189 852 se
1207 806 1291 871 pug-

222 906 311 969 nant.
382 903 559 986 Sagaristio
596 927 729 990 operam
767 928 872 972 suam
919 909 1082 991 pollicitus
1130 908 1179 971 est
1218 905 1292 991 (ll)

222 1024 309 1088 hisce
345 1023 465 1088 verbis:
505 1022 689 1101 „Quaeram
725 1027 875 1110 equidem
900 1028 926 1091 si
947 1029 1019 1110 quis
1042 1023 1192 1091 cre'dat:''
1220 1027 1292 1089 tum

223 1142 358 1207 Toxilus
391 1142 478 1228 (lltz
517 1140 662 1220 „Quaero
687 1147 797 1210 tamen
820 1165 879 1228 ogo
904 1147 981 1210 item
1005 1144 1138 1210 sedulo''
1162 1143 1287 1226 Perspi-

211 1272 322 1326 cuum
347 1262 397 1326 est
415 1263 569 1328 Toxilum
592 1264 699 1328 dicere
722 1284 757 1328 se
780 1263 911 1345 longius
935 1265 968 1328 in
984 1266 1104 1329 conatu
1126 1263 1292 1346 perrectu·
1370 1289 1373 1294 ·

222 1401 297 1445 rum
332 1401 401 1445 esse
442 1383 477 1446 ut
512 1384 581 1466 ipse
610 1383 760 1458 alicunde
786 1385 959 1464 argentum
985 1385 1138 1448 mutuum
1163 1383 1290 1460 sumat,

223 1520 299 1564 eum
334 1501 448 1566 ultimo
471 1522 564 1567 verso
594 1503 694 1568 dicat:
731 1503 860 1586 ‚Usque
885 1523 940 1567 ero
965 1501 1072 1567 domi'
1097 1505 1163 1577 cet.;
1189 1500 1293 1564 altera

223 1619 356 1701 quidem
390 1620 508 1685 harum
543 1623 779 1687 sententiarum
815 1624 1004 1687 contextum
1035 1622 1191 1687 orationis
1214 1639 1291 1685 con·

224 1738 357 1803 turbare
382 1740 517 1805 videtur.

272 1977 342 2041 Izi
379 1977 437 2061 (53
474 1977 559 2064 sqq.)
596 1979 726 2046 Saturio
762 1981 926 2063 parasitus
962 1978 1096 2062 quidam
1132 1979 1166 2042 in
1202 1997 1293 2041 scae-

226 2115 304 2160 nam
340 2096 449 2179 prodit
484 2099 663 2182 narratque
699 2097 939 2182 spectatoribus
976 2116 1010 2160 se
1034 2098 1208 2181 quaestum
1233 2115 1294 2178 pa-

226 2217 392 2281 rasiticum
438 2218 504 2281 iam
542 2238 561 2282 a
598 2218 776 2282 maioribus
810 2217 877 2281 suis
912 2215 1038 2280 cultum
1075 2215 1222 2280 obtinere
1262 2214 1296 2278 et

226 2355 346 2416 magna
382 2354 460 2399 eura
496 2335 619 2415 colere,
646 2336 677 2399 et
702 2336 806 2418 pergit
831 2334 990 2399 nonnulla
1015 2335 1055 2398 de
1080 2334 1134 2398 illo
1154 2333 1294 2417 quaestu

227 2453 379 2535 proferre.
429 2453 551 2517 Eadem
588 2453 653 2517 fere
679 2455 804 2519 ratione
828 2451 999 2519 Peniculus
1024 2453 1056 2516 in
1080 2451 1296 2518 Menaechmis

227 2571 324 2656 (121)
357 2572 465 2655 prodit
489 2573 521 2636 et
545 2569 643 2638 verba
667 2572 744 2636 lacit
767 2573 808 2636 de
832 2573 971 2655 quaestu
995 2591 1068 2637 suo:
1095 2572 1172 2635 item
1199 2570 1295 2637 Gele-

201 2691 327 2783 simos
363 2691 397 2755 in
432 2691 537 2757 Sticho
571 2691 669 2776 (123)
703 2693 752 2770 et,
779 2691 929 2774 quamvis
953 2691 1167 2772 paucissimus
1190 2689 1297 2753 verbis

226 2809 390 2890 parasitus
415 2810 448 2874 in
472 2810 687 2875 Bacchidibus
712 2811 792 2896 ur:
816 2809 859 2896 1).
886 2809 1037 2892 Departe
1050 2810 1147 2874 huius
1160 2828 1297 2872 scaenae

227 2927 348 3010 inqua
373 2929 413 2991 de
438 2927 566 2993 fastidio
591 2929 689 2993 verba
714 2929 800 3008 lacit,
827 2928 916 3011 quod
941 2928 1001 2992 sibi
1026 2927 1298 3011 quadruplatores

229 3049 382 3124 movent,
410 3046 482 3110 vide
506 3048 648 3129 priorem
673 3050 801 3130 partem
825 3043 923 3112 huius
948 3047 1048 3111 libelli
1072 3067 1143 3129 pag.
1165 3048 1185 3110 9
1210 3045 1248 3132 ¹).

275 3283 346 3346 l:3
383 3283 436 3364 (81
478 3283 565 3370 sqq.)
603 3285 654 3351 Ab
679 3285 781 3350 altera
805 3305 921 3350 scenae
945 3286 1038 3368 parte
1063 3285 1197 3349 Toxilus
1221 3303 1297 3366 pro-

229 3401 373 3481 greditur
408 3403 527 3483 gaudio
562 3405 685 3483 alatne,
724 3405 883 3470 disserens
918 3423 952 3468 se
984 3404 1049 3468 iam
1074 3422 1205 3468 onlnem
1230 3421 1298 3466 rem

267 3741 284 3797 ¹)
303 3733 344 3788 De
371 3733 439 3788 lama
461 3751 513 3806 qua
535 3734 755 3808 quadruplatores
774 3734 932 3790 fruebantur
950 3734 1071 3789 conferre
1091 3736 1190 3805 possis:
1212 3732 1299 3787 Ciain

231 3828 262 3898 Q.
279 3829 355 3884 (laec.
374 3830 426 3885 div.
449 3830 481 3888 7:
499 3831 550 3885 24:
577 3831 825 3904 „quadruplatores
844 3847 911 3903 quos
930 3848 982 3884 nou
1001 3829 1057 3884 sinc
1075 3846 1153 3883 causa
1167 3833 1300 3900 contemp·

232 3927 285 3982 lisit
302 3945 406 4000 semper
424 3932 452 3983 et
469 3944 518 4001 pro
536 3926 620 3982 nihilo
641 3927 772 4000 putavit‚”
792 3927 857 3982 item
877 3943 943 3999 quae
964 3927 1014 3981 Cic.
1032 3925 1152 3998 disputat
1164 3923 1299 3997 proRosc.

232 4024 321 4076 Amor.
350 4022 412 4096 cap,
440 4023 483 4078 20.
504 4055 539 4064 -
566 4023 746 4096 Sycophoniam
774 4020 843 4095 apud
872 4021 986 4076 Graecos
1012 4020 1106 4079 festive
1133 4023 1301 4077 Demosthenes

233 4124 353 4198 depingit
371 4119 424 4177 κατ’
443 4119 672 4194 Ἀριστογείτονος
690 4143 748 4199 pag.
768 4124 826 4182 786.
