3046 4966
745 544 798 606 28-

232 763 307 808 rum
326 741 521 823 scripturam
534 755 676 812 servans,
690 733 895 816 transpositis
907 733 1018 795 autem
1029 750 1073 794 rs.
1090 730 1157 794 293
1167 730 1199 792 et
1211 727 1298 791 294:

632 855 665 919 S.
713 852 922 933 Dideaeque
946 868 999 913 me
1022 868 1136 913 omnes
1160 848 1300 930 perdant

279 980 314 1044 P.
354 979 487 1043 Amicus
528 994 616 1048 sum:
655 973 806 1043 eveniant
842 971 914 1034 volo
939 969 996 1033 tibi
1025 987 1111 1052 quae
1134 968 1236 1050 optas
1264 965 1298 1030 S.

1050 1087 1148 1168 atque
1172 1085 1205 1149 id
1229 1084 1297 1148 fiat.
1393 1140 1403 1166 ,

278 1217 345 1281 Nisi
370 1218 402 1280 te
427 1213 521 1279 hodie
535 1213 561 1275 si
573 1211 787 1295 prehendere,
802 1209 948 1290 defigam
961 1208 994 1272 in
1008 1208 1129 1271 terram
1142 1203 1296 1286 colaphis.

280 1337 316 1400 Ρ.
366 1335 441 1400 Tun
462 1339 515 1399 me
539 1333 687 1414 defigas?
713 1334 744 1394 te
768 1328 856 1392 oruoi
879 1328 987 1410 ipsum
1012 1325 1159 1406 adfigent
1182 1340 1299 1406 prope-

1080 1439 1167 1507 diem
1192 1440 1246 1505 elii
1261 1437 1298 1526 1).

277 1687 353 1756 307.
389 1691 423 1774 (b
439 1691 481 1755 :5
497 1713 504 1754 :
520 1691 552 1772 6)
592 1688 745 1752 Subnixis
773 1685 832 1750 alis
856 1704 908 1748 me
932 1682 1069 1747 inferam
1093 1681 1192 1763 etque
1215 1681 1298 1745 ami-

1034 1800 1126 1864 cibor
1149 1799 1296 1881 gloriose.

230 1928 311 1993 Alae
335 1928 485 1993 nituntur
509 1947 553 1992 so.
581 1897 749 1991 manibus:
775 1922 911 1988 sublatis
933 1917 1127 2005 (subductis)
1157 1919 1298 1983 brachiis

230 2067 347 2111 manus
383 2048 416 2112 in
453 2047 609 2111 lateribus
643 2047 710 2109 sive
734 2043 822 2108 coxis
846 2042 1024 2124 ponuntur,
1054 2038 1141 2103 unde
1165 2038 1298 2102 brachia

229 2168 398 2248 utrimque
411 2167 570 2248 tanquam
583 2184 682 2229 ansae
695 2164 846 2228 eminent.
878 2159 1030 2226 Submota
1039 2158 1125 2222 recte
1138 2156 1293 2221 sehabet.

278 2405 343 2468 329
369 2423 437 2486 sqq.
464 2402 545 2489 (111:
564 2405 577 2467 l
596 2404 636 2466 :1
664 2403 748 2486 sqq).
773 2399 906 2467 Rttsett.
932 2400 977 2463 sio
1001 2396 1117 2462 habet:

275 2521 365 2600 Quae
390 2527 441 2586 res
466 2523 550 2586 bene
574 2522 679 2585 vortat
704 2522 749 2584 mi
774 2522 806 2585 et
832 2520 890 2584 tibi
914 2519 945 2583 et
970 2518 1074 2582 ventri
1099 2537 1180 2596 meo,

276 2641 585 2722 perennitatemque
610 2642 691 2705 adeo
716 2641 791 2704 huic
816 2639 987 2723 perpetuet
1011 2636 1082 2712 eibi,

226 2760 314 2826 Libri
338 2760 448 2825 autern
474 2761 603 2843 praeter
626 2759 776 2825 Ambros.
803 2759 943 2824 habent:
1043 2770 1046 2775 ·

274 2880 555 2962 Perennitatisque
580 2881 663 2944 adeo
686 2881 762 2944 huic
786 2880 945 2962 perpetuo
969 2879 1050 2943 cibo.

226 2998 463 3062 Ambrosianus
480 2999 657 3062 Ritsoheiio
669 2999 802 3063 auctore
816 3018 874 3081 pro
882 2998 1172 3080 perenuttottsque:
1184 3017 1294 3078 peren-

228 3117 407 3198 uttotsique.
443 3116 530 3181 Puto
566 3118 599 3182 in
640 3118 702 3182 bao
726 3119 887 3200 scriptura
905 3115 1160 3200 perennitatique
1183 3116 1293 3187 latere,

226 3238 258 3301 et
282 3237 389 3300 cetera
406 3237 439 3300 in
465 3236 553 3300 libris
577 3237 664 3301 recte
688 3256 722 3300 se
745 3236 876 3301 habere.
902 3210 1091 3324 Scribimus
1116 3253 1207 3315 ergo:

271 3355 538 3438 Perennitatique
563 3355 643 3419 adeo
668 3355 743 3419 huic
767 3356 924 3438 perpetuo
949 3355 1031 3418 oib0.

261 3631 278 3692 ¹)
297 3626 457 3699 Spengel.
475 3629 593 3696 (Kritik,
610 3649 680 3702 pros.
704 3635 779 3686 metr.
798 3648 841 3703 pg.
860 3632 904 3695 43)
923 3631 1045 3686 adnotat:
1068 3631 1292 3691 ,Siebtmansioh

225 3744 280 3780 nun
310 3724 377 3780 nach
405 3724 456 3780 den
483 3716 692 3799 Handsohriften
718 3714 777 3793 um,
797 3746 825 3782 so
844 3728 879 3782 ist
900 3724 959 3782 man
978 3730 1114 3791 erstaunt,
1134 3726 1200 3782 eben
1218 3727 1292 3782 diese

221 3821 353 3890 Ordnung
370 3818 417 3875 der
435 3823 517 3876 Verse
534 3821 574 3876 als
591 3822 632 3876 die
651 3807 857 3894 Uberlieferung
875 3822 923 3879 des
943 3823 1134 3878 Ambrosianus
1143 3842 1175 3877 zu
1186 3823 1290 3890 finden,

224 3917 304 3972 deren
336 3915 427 3972 Werth
455 3935 527 3984 man,
556 3917 639 3973 duroh
665 3918 707 3973 die
734 3917 841 3987 vulgata
865 3918 917 3974 irre
936 3918 1053 3988 geftihrt,
1074 3917 1219 3973 verkannte
1236 3920 1290 3973 und

225 4013 471 4085 unberiioksiohtigt
489 4014 560 4069 liess.
591 4013 668 4069 Nooh
688 4015 723 4070 ist
739 4016 798 4069 eine
816 4033 883 4085 ganz
901 4014 1024 4070 tihnliebe
1043 4015 1123 4070 Stelle
1134 4034 1166 4070 au
1177 4016 1286 4087 verglei-

225 4110 305 4174 oben,
317 4127 356 4164 wo
365 4111 432 4165 auch
443 4111 484 4166 bei
495 4112 567 4165 einer
578 4112 765 4182 Betheuerung
775 4112 1115 4183 Unterbreohungeintritt.
1127 4112 1220 4167 Pseud.
1229 4113 1288 4168 943:

261 4205 305 4260 Ita
324 4206 363 4260 me
383 4206 409 4260 di
428 4213 517 4261 ament
538 4239 572 4249 -
591 4209 617 4262 S.
637 4208 679 4262 lta
698 4227 750 4264 nou
768 4209 881 4264 facient:
900 4217 941 4263 eto
968 4208 1052 4264 Auoh.
1071 4209 1166 4264 Pseud.
1185 4210 1227 4266 37.
