3046 4966
737 590 780 678 33

223 781 277 861 qui
303 780 515 845 verisimiliter
538 780 793 865 dittographiam
817 782 985 846 continent
1009 800 1162 846 versuum
1178 781 1246 847 435
1261 786 1294 848 et

221 899 306 963 436:
334 900 427 986 (item
454 899 550 965 docte
572 898 633 985 ll.)
658 900 729 966 Iam
753 900 887 966 Ritsett.
913 901 946 964 in
972 900 1113 965 editione
1126 921 1186 966 sua
1196 899 1286 986 (pag.

225 1017 284 1104 61)
326 1021 402 1084 „aut
436 1019 481 1083 sic
517 1019 566 1083 vel
603 1020 764 1115 similiter
781 1020 989 1098 restituendi,
1028 1022 1086 1084 aut
1121 1022 1161 1085 de
1190 1020 1294 1086 multo

224 1138 425 1219 gravioribus
444 1138 548 1203 turbis
572 1139 812 1220 cogitandum.”
836 1140 1011 1204 Praeterea
1027 1141 1106 1204 mihi
1123 1159 1190 1204 non
1204 1142 1294 1223 patet

224 1277 309 1340 quac
343 1277 443 1322 causa
477 1259 518 1322 sit
555 1278 614 1324 cur
645 1260 755 1324 omnia
780 1261 847 1324 tam
872 1258 998 1323 occulte
1023 1259 1105 1325 fient
1127 1279 1211 1343 opus
1235 1261 1293 1326 sit:

224 1376 280 1440 sed
305 1377 441 1460 despero
460 1377 632 1460 >quoddam
657 1379 859 1443 medicamen
884 1378 1010 1461 afferre.
1059 1378 1212 1443 Versibus
1226 1379 1295 1444 440

225 1497 258 1559 et
281 1495 346 1558 441
374 1495 516 1561 Schenkl.
544 1497 644 1561 alium
668 1498 777 1561 locum
802 1497 901 1561 dedit.
917 1497 952 1578 ¹).
1001 1496 1297 1582 Deillooupiporto

263 1660 281 1716 ¹)
307 1658 341 1708 H.
369 1651 524 1726 Schenkl
542 1652 726 1709 Plautinisohe
746 1653 861 1710 studien.
880 1652 968 1707 Wien.
988 1653 1067 1708 1881.
1080 1670 1166 1725 -pg.
1177 1654 1229 1708 681
1240 1671 1298 1726 sqq.
1336 1680 1339 1695 =

226 1741 331 1804 versum
350 1749 401 1803 440
419 1766 524 1821 quoque
543 1749 614 1803 inter
632 1750 736 1821 spurios
754 1749 843 1806 habet.
858 1748 926 1804 Tum
950 1749 1122 1803 nconcredere
1142 1747 1209 1820 elqd.
1221 1748 1298 1803 aloni.

227 1845 312 1899 heisst
337 1844 490 1900 lenendem
516 1845 574 1900 eine
604 1844 688 1900 Seche
707 1849 900 1910 anvertreueu,
920 1844 964 1899 die
981 1863 1042 1898 men
1060 1862 1108 1898 zur
1127 1844 1185 1898 Zeit
1203 1844 1301 1898 wieder

150 2006 154 2012 ,
227 1941 254 1994 in
273 1941 483 1996 unverinderten
502 1941 607 1996 Gestelt
625 1942 723 1996 zurtek
742 1941 842 2002 erhilt,
862 1941 933 1995 kann
954 1941 1010 1995 also
1029 1958 1080 1995 von
1097 1941 1156 1995 dem
1174 1940 1302 1994 Verhiilt·

226 2037 297 2092 nisse
315 2036 361 2092 des
379 2037 538 2109 Gliiubigers
555 2056 614 2093 zum
634 2036 875 2093 Schuldnernicht
891 2042 985 2107 gesegt
1004 2036 1122 2091 werden:
1146 2037 1174 2090 in
1193 2048 1299 2091 menum

227 2133 291 2190 aber
316 2134 352 2188 ist
380 2134 437 2189 hier
464 2134 539 2190 nicht
567 2134 625 2189 eine
653 2133 741 2189 blosse
762 2132 944 2203 Verstiirkuug
963 2132 1009 2188 des
1028 2131 1198 2187 Ausdriiokes
1218 2135 1303 2197 (sonst

227 2236 325 2287 musste
352 2249 380 2286 es
407 2231 476 2286 wohl
503 2232 531 2286 in
557 2249 650 2286 manus
676 2230 806 2293 heleseu),
836 2228 949 2284 sondern
969 2228 1097 2284 bedeutet
1112 2229 1235 2283 wdrtlich
1254 2227 1296 2282 die

229 2326 342 2394 Manus,
360 2330 439 2382 unter
456 2326 503 2381 der
521 2345 581 2381 men
599 2329 626 2382 in
644 2326 890 2398 republilrenisoher
910 2325 963 2380 neit
984 2324 1027 2380 die
1044 2322 1190 2379 reehtliohe
1201 2323 1303 2381 Gewelt

229 2423 275 2478 des
299 2422 488 2495 paterfamilias
506 2425 571 2479 iiber
590 2423 632 2478 die
652 2423 680 2478 in
697 2423 784 2478 seiuer
801 2427 919 2494 potestas
939 2418 1085 2477 stehenden
1103 2420 1304 2490 freigeboreuen

138 2539 140 2544 ⁴
200 2523 204 2532 '
228 2519 333 2574 Freuen
351 2519 484 2574 verstend.
503 2519 553 2581 (Ol.
571 2519 638 2574 Liv=
658 2520 710 2574 34:
729 2520 760 2575 3:
783 2521 827 2587 ll,
848 2522 878 2572 l:
899 2521 967 2585 ]1).”
984 2518 1073 2589 Igitur
1091 2501 1139 2573 hos
1158 2516 1301 2596 versushed

229 2633 350 2670 scaenam
377 2615 509 2689 pertinere
527 2615 599 2682 vult,
619 2616 647 2670 in
665 2635 718 2689 que
734 2616 844 2671 Toxilus
862 2616 978 2688 parasito
995 2615 1153 2688 persuadet,
1172 2618 1203 2668 ut
1220 2613 1301 2668 filiam

198 2709 201 2716 ’
230 2710 280 2766 sibi
308 2711 432 2767 utendam
461 2711 515 2770 det.
550 2713 689 2767 Postremo
717 2712 787 2767 illem
816 2730 936 2767 scaenam
957 2712 996 2766 sio
1013 2711 1131 2783 disponit
1149 2715 1178 2764 et
1196 2709 1299 2781 explet:

267 2807 326 2862 130.
344 2808 409 2864 Tox.
428 2809 494 2878 Quia
528 2808 613 2863 fdrme
630 2809 717 2880 lepide
736 2816 763 2864 et
780 2809 916 2864 liberalist.
936 2809 1006 2863 Ser:
1025 2807 1079 2862 Res
1098 2809 1170 2864 itast.

267 2903 326 2957 183.
344 2904 411 2958 Tox.
430 2904 458 2959 Si
475 2904 554 2970 ittet,
573 2905 623 2959 hoc
641 2912 672 2960 tu
690 2905 755 2960 mihi
774 2905 888 2977 reperire
907 2904 1045 2975 argentim
1064 2907 1149 2975 potes.

265 3001 324 3054 134.
343 3000 406 3055 Sin.
423 3000 509 3073 Cupio
527 3001 623 3056 hercle.
640 3007 707 3056 Tox.
728 3003 795 3057 Tum
814 3007 845 3058 tu
864 3002 904 3057 me
924 3003 982 3056 sine
1000 3000 1072 3055 illem
1092 3000 1213 3055 vendere.

200 3092 204 3103 '
266 3096 326 3149 135.
344 3096 405 3152 Sne.
424 3097 482 3152 Tun
500 3096 574 3152 illem
593 3098 709 3152 vendes?
727 3099 803 3153 Tox:
824 3099 919 3154 'Immo
942 3098 1022 3152 elium
1042 3097 1213 3169 adlegtvero‚

266 3193 325 3248 136.
344 3192 397 3262 Qui
415 3193 526 3261 vendet,
545 3195 591 3266 qui
609 3213 666 3249 csse
684 3196 711 3248 se
729 3195 897 3267 peregrinum
919 3193 1064 3266 praedicet:

302 3289 389 3360 [Tunc
406 3293 437 3343 tu
455 3289 513 3362 ipse
530 3308 622 3345 rursus
639 3290 765 3346 liberabis
783 3290 888 3364 filiam]

267 3386 326 3440 4401
345 3387 406 3440 Sin.
424 3386 486 3441 Non
505 3387 609 3453 hercle,
627 3387 690 3459 quoi
708 3405 780 3443 nune
797 3387 847 3442 hdo
864 3386 924 3442 dem
943 3387 1115 3459 spectandum
1134 3388 1197 3441 scio.
1239 3415 1241 3420 ·

266 3484 326 3538 441.
343 3483 408 3537 Tor.
428 3483 552 3539 Fortisse
570 3484 667 3539 metuis
684 3483 712 3538 in
731 3503 836 3539 menum
857 3485 939 3558 [eam]
959 3483 1138 3539 concrederet

302 3576 452 3644 [Nullumst
467 3577 610 3649 periclum,
631 3577 677 3632 sed
693 3578 744 3634 iem
764 3579 813 3633 hoo
832 3597 914 3633 unum
938 3579 980 3634 dio
1001 3580 1093 3653 mihi2]

267 3668 327 3723 131.
344 3667 398 3722 Hic
414 3667 475 3722 leno
493 3685 578 3738 neque
596 3672 623 3722 te
643 3666 731 3733 nevit,
752 3686 839 3740 neque
856 3669 962 3739 gnatum
982 3669 1075 3725 tuam?

269 3759 327 3813 132.
345 3758 407 3813 Sne.
426 3758 471 3812 Me
489 3763 520 3811 ut
538 3755 677 3829 quisquam
696 3758 782 3823 norit,
801 3753 851 3812 nisi
871 3757 916 3812 ille
933 3759 979 3829 qui
998 3758 1108 3830 praebet
1126 3759 1223 3813 cibum.

271 3854 347 3908 „Von
372 3854 470 3909 diesem
498 3854 582 3908 Verse
604 3871 637 3907 en
664 3853 773 3923 beginnt
798 3852 896 3908 wieder
924 3855 983 3908 eine
1010 3853 1117 3921 Inicke,
1137 3855 1164 3908 in
1182 3853 1229 3908 der
1247 3853 1305 3906 eine

235 3950 419 4021 nBemerlrung
436 3950 482 4005 des
500 3949 621 4015 Toxilus,
640 3949 705 4003 wie:
724 3948 823 4004 diesem
840 3949 895 4027 elso
913 3949 1009 4005 wollen
1028 3951 1076 4004 wir
1094 3949 1171 4004 deine
1192 3948 1306 4004 'l'ochter

237 4064 311 4102 unum
335 4045 448 4100 Soheine
466 4046 622 4113 verkaufen,
642 4043 697 4100 und
712 4046 768 4101 ihm
786 4047 824 4100 sie
846 4045 944 4101 wieder
961 4046 1126 4111 ebnehmen;
1147 4043 1222 4100 Alles
1241 4044 1306 4099 wird

237 4141 310 4204 ,aufe
337 4143 417 4197 Beste
444 4142 583 4213 gelingen,
611 4142 645 4197 dn
669 4140 716 4196 der
742 4141 817 4198 Leno
839 4142 896 4197 hier
913 4141 982 4198 noolr
1001 4140 1085 4196 fremd
1104 4142 1140 4195 ist
1157 4140 1307 4210 gestenden

237 4238 337 4300 ,haben
357 4238 453 4292 muss.''

1194 4341 1215 4403 3
