3046 4966
752 572 795 635 ol

222 755 401 845 (lz3zllt
445 762 603 828 ‚Omnem
638 783 708 827 rem
745 764 870 840 inveni,
911 765 948 828 ut
971 784 1031 830 sua
1059 766 1121 831 sihi
1152 769 1297 850 pecunia

146 960 152 977 .
221 877 318 944 hodie
349 881 440 949 illam
470 882 568 947 faciat
591 882 666 947 leno
689 882 841 947 libertam
865 881 989 962 suam”;
1017 884 1060 948 ad
1084 885 1297 952 Saturionem

224 998 273 1083 (lz
292 1001 332 1063 3:
348 1000 422 1084 ln:
456 1003 540 1067 »iam
551 1001 628 1066 nolo
640 1001 842 1083 argentum'’,
858 1003 891 1067 et
910 1001 972 1086 (ll:
989 1004 1030 1068 5:
1049 1001 1083 1090 1)
1110 1005 1153 1069 ad
1165 1006 1298 1088 Sopho-

223 1115 406 1184 clidisoam:
433 1122 609 1187 ‚Paratum
628 1122 694 1186 iam
722 1140 790 1185 esse
814 1121 913 1186 dicito
939 1122 1025 1187 unde
1052 1126 1228 1204 argentum
1252 1125 1297 1189 sit

225 1234 403 1318 futurum'’,
423 1243 680 1307 consentaneum
705 1242 774 1304 erat
797 1258 874 1305 eum
890 1259 987 1320 nunc,
1010 1241 1147 1307 simulac
1164 1243 1298 1327 Sagari*

224 1355 366 1422 stionem
389 1359 575 1442 conspiciat,
601 1360 720 1442 gaudio
737 1359 909 1441 repletum,
935 1359 996 1423 hoo
1014 1360 1091 1424 item
1103 1381 1179 1425 oum
1192 1362 1299 1444 Saga·

227 1475 358 1540 ristione
383 1480 633 1544 communicare.
660 1478 784 1545 Contra
807 1479 952 1543 videmus
970 1479 1123 1546 Toxilum
1138 1500 1173 1545 se
1186 1501 1301 1564 gerere

228 1595 323 1676 quasi
358 1597 425 1678 ipse
460 1599 568 1663 adhue
605 1599 684 1663 nihil
709 1598 884 1678 invenerit,
910 1599 942 1662 et
973 1599 1157 1665 humillime
1181 1600 1301 1684 rogare

228 1711 278 1776 ll:
294 1714 314 1775 5
330 1715 371 1778 :9
399 1713 507 1802 (310).
547 1717 714 1800 alloquin
743 1717 831 1799 quod
851 1718 1005 1781 mandavi
1029 1719 1109 1798 tibi,
1135 1722 1184 1784 est
1208 1741 1301 1786 nuno

229 1833 380 1912 speculae
404 1835 438 1898 in
462 1837 493 1899 te
502 1834 538 1900 ?’'
555 1873 598 1884 —
612 1836 836 1900 Festivissimis
862 1835 1006 1900 versibus
1030 1837 1167 1901 Toxilus
1180 1839 1302 1904 certior

229 1948 267 2013 sst
303 1951 556 2032 Sagaristionem
590 1954 764 2036 pecuniam
797 1955 955 2017 nanctum
981 1973 1066 2018 esse:
1093 1955 1185 2020 illum
1211 1958 1302 2023 enirn

231 2086 251 2132 a
287 2069 419 2136 domino
464 2073 623 2137 Eretriam
663 2073 800 2136 missum
847 2073 945 2137 boves
980 2075 1172 2150 mereatum,
1210 2095 1302 2140 nuno

232 2189 343 2252 autem
369 2190 503 2255 domum
532 2191 639 2255 Toxili
664 2210 724 2273 pro
740 2190 866 2254 Eretria
882 2190 1020 2255 habere:
1047 2191 1181 2256 tandem
1199 2191 1303 2256 Toxi-

232 2304 283 2369 lus
307 2307 519 2389 Sagaristioni
542 2310 657 2374 narrat
682 2329 716 2372 se
740 2328 816 2373 mox
841 2329 938 2373 omne
962 2312 1135 2391 argentum
1153 2311 1302 2376 redditu·
1342 2400 1345 2406 .

234 2443 308 2489 rum
334 2447 418 2491 esse:
445 2449 523 2492 nam
548 2429 708 2509 seipsum
732 2427 798 2491 iam
823 2429 934 2492 omnia
958 2431 1208 2510 comparavisse,
1234 2449 1303 2512 quo

236 2546 332 2627 paeto
356 2549 528 2628 argentum
552 2546 693 2610 auferret
717 2565 736 2609 a
759 2545 893 2624 lenone,
921 2547 1037 2642 mulier
1060 2547 1162 2613 libera
1181 2527 1304 2629 ¹fieret,

236 2660 311 2728 leno
334 2665 402 2747 ipse
426 2663 512 2730 ultro
537 2665 710 2746 argentum
735 2664 838 2729 daret.

284 2902 393 2968 111:1.
429 2902 538 2990 (3t9).
576 2905 706 2969 Saturio
738 2923 813 2968 oum
837 2903 904 2967 filia
927 2922 988 2967 sua
1011 2904 1045 2967 in
1068 2922 1200 2969 scenam
1224 2923 1304 2987 pro-

236 3023 328 3089 diens
364 3026 506 3091 affirmat
541 3046 576 3089 se
611 3025 708 3090 hodie
744 3044 816 3088 eam
848 3024 955 3106 specie
980 3024 1188 3089 venditurum
1213 3043 1303 3089 esse:

236 3160 271 3206 se
306 3146 416 3209 omnia
448 3144 682 3208 consiliarum
707 3164 745 3208 ea
769 3143 1059 3207 communicavisse
1084 3144 1115 3206 et
1141 3162 1179 3206 ea
1203 3161 1306 3207 causa

235 3263 281 3328 sio
307 3261 596 3350 (ornatuPersioo)
622 3282 695 3326 eam
719 3263 931 3326 exornavisse.
959 3262 1056 3342 Virgo
1080 3262 1186 3343 primo
1204 3260 1305 3325 vehe-

236 3385 363 3448 menter
399 3384 474 3447 huio
510 3381 644 3446 oonsilio
684 3382 861 3463 repugnat,
891 3382 924 3444 in
949 3379 1062 3462 primis
1085 3366 1238 3443 metuens
1262 3398 1306 3443 ne

236 3499 298 3565 hae
334 3503 536 3577 venditione,
573 3501 600 3564 si
634 3499 856 3582 percrebuerit
892 3517 943 3561 res
968 3499 1058 3579 gesta
1083 3498 1116 3560 et
1139 3497 1172 3561 in
1197 3496 1305 3561 maius

237 3623 334 3685 aucta
372 3622 423 3697 sit,
461 3619 733 3685 existimationem
756 3618 853 3700 plane
877 3617 1022 3680 amittat:
1054 3615 1194 3678 „inimici
1217 3615 1305 3679 enirn

242 3738 382 3805 »famam
417 3760 484 3805 non
519 3741 581 3819 ita,
619 3740 655 3803 ut
683 3740 793 3803 natast
817 3734 955 3801 ferunt.”
1002 3734 1101 3799 Pater
1125 3735 1237 3798 autem
1261 3734 1304 3797 ad

237 3861 377 3941 patriam
401 3860 596 3942 potestatem
620 3876 812 3940 provocans,
838 3854 1003 3920 asseverat
1026 3872 1060 3916 se
1085 3853 1118 3916 id
1143 3872 1203 3917 suo
1217 3851 1305 3916 arbi-

238 3975 327 4043 tratu
354 3979 518 4043 facturum
540 3995 647 4058 neque
670 3994 705 4039 se
729 3975 771 4039 ad
796 3976 864 4038 eius
889 3973 1090 4037 voluntatem
1116 3970 1305 4036 conforma-

240 4096 350 4175 turum
386 4116 472 4162 esse:
509 4115 574 4180 quo
598 4094 683 4158 facto
720 4094 854 4158 tandem
878 4092 1004 4173 roganti
1033 4089 1189 4155 „futura's
1218 4089 1306 4154 dicto

239 4213 415 4280 oboediens
439 4236 481 4280 an
504 4235 572 4280 non
596 4210 711 4297 patri,'’
737 4214 826 4293 virgo
856 4210 1002 4274 „lutura”
1026 4209 1215 4292 respondet.
