3046 4966
747 551 790 612 20

224 738 379 801 Dubitari
419 741 525 820 potest
571 760 651 806 num
696 743 803 824 potius
839 761 912 807 cum
949 743 1038 807 libris
1077 741 1222 827 (praeter
1258 745 1299 827 Α)

229 877 262 922 ee
286 876 346 939 pro
370 877 422 940 epe
447 858 618 938 legendum
644 861 686 925 sit
712 874 765 944 (eo
790 863 985 927 :ineam
1010 862 1104 944 rem),
1132 863 1189 926 sed
1219 881 1298 926 nus-

106 1041 109 1045 .
228 995 329 1058 quarn
346 977 445 1058 apud
468 977 624 1043 Plautum
653 980 792 1062 repperi.
806 973 832 1064 1>

277 1189 341 1253 194
367 1190 399 1272 (t
414 1210 421 1254 :
437 1191 456 1253 b
472 1214 479 1254 :
498 1191 566 1276 m).
592 1191 658 1255 Nec
682 1192 787 1272 subigi
814 1195 978 1275 queantur
1001 1213 1156 1277 unquam,
1186 1195 1222 1259 ut
1239 1215 1298 1278 pro

829 1318 867 1376 eet
890 1312 954 1376 fide
978 1313 1122 1378 habeant
1146 1314 1296 1380 iudicem.

226 1426 345 1491 Versus
389 1428 646 1494 obscurissimus.
695 1431 725 1494 R
758 1430 908 1495 adnotat:
950 1431 1102 1496 „iudicem
1139 1432 1295 1498 Pistoris:

226 1566 292 1629 quo
328 1567 394 1611 non
434 1547 558 1612 tollitur
592 1549 773 1614 obscuritas
805 1549 1023 1615 sententiae.”¹
1051 1526 1184 1614 ssVersus
1227 1553 1295 1616 tam

225 1666 342 1730 misere
365 1668 555 1750 corruptus,
581 1668 618 1731 ut
643 1666 720 1743 mihi
744 1668 877 1750 quidem
900 1669 954 1732 vix
978 1669 1010 1732 in
1025 1669 1190 1750 integrum
1199 1689 1294 1752 posse

225 1785 352 1851 restitui
390 1780 547 1853 vide‘atur.
584 1785 624 1849 Ni
648 1787 774 1868 egregie
794 1787 889 1852 fallor
912 1789 993 1871 haec
1022 1787 1191 1854 'sententia
1226 1808 1296 1853 esse

225 1905 322 1969 debet
358 1906 455 1970 huius
490 1924 602 1970 versus
639 1906 671 1969 et
706 1907 946 1988 praecedentis:
972 1908 1038 1972 scio
1062 1926 1191 1989 semper
1217 1927 1292 1983 eos,

27 2068 30 2078 ·
116 2102 129 2117 ἢ,
224 2025 281 2107 qui
316 2025 395 2089 hero
431 2043 491 2090 suo
526 2025 626 2088 fidem
662 2026 830 2106 praestent
865 2026 1087 2109 impudicitiae
1122 2026 1293 2104 accusari,

225 2162 330 2225 neque
369 2163 424 2208 eos
460 2164 609 2227 unquam
643 2145 722 2209 hero
758 2165 883 2209 morem
919 2164 1029 2227 gerere
1064 2164 1172 2227 posse,
1212 2144 1291 2226 quin

224 2281 413 2345 perversum
440 2263 488 2349 (in
513 2264 635 2330 malam
660 2264 800 2348 partem)
828 2265 984 2329 iudicium
1010 2264 1049 2328 de
1073 2284 1113 2328 ea
1132 2264 1197 2328 fide
1222 2263 1293 2328 fiet.

223 2381 410 2462 Sententia,
439 2385 581 2465 quaein
611 2384 668 2449 tali
692 2383 758 2448 fere
781 2402 877 2447 versu
898 2383 1107 2447 continetur:

269 2501 335 2565 Nec
359 2502 405 2566 sic
429 2503 654 2586 obsequantur
677 2522 834 2585 umquam
855 2501 1004 2584 utprobe
1022 2501 1126 2566 fidum
1144 2501 1287 2566 habeant

1145 2621 1292 2686 iudicem.

271 2831 335 2894 197
375 2828 410 2914 (b
428 2829 574 2915 :2:15).
602 2829 662 2893 So:
690 2827 788 2892 Cesso
814 2828 859 2891 ire
884 2847 1029 2910 egoque
1055 2831 1265 2892 missasum?

221 2949 495 3013 Verisimillimum
529 2947 577 3010 est
604 2946 764 3011 nonnulla
796 2946 967 3010 excidisse:
1002 2965 1157 3028 germana
1185 2946 1292 3011 forma
1403 3000 1406 3006 .

221 3067 318 3132 fuisse
343 3068 470 3150 potuit:
696 3058 701 3071 '

267 3184 366 3250 Cesso
390 3187 435 3248 ire
460 3204 519 3266 ego
546 3204 612 3267 quo
637 3187 735 3248 missa
759 3205 840 3253 snm.
868 3186 931 3249 Sed
955 3189 1028 3268 quis
1053 3186 1103 3249 hic
1127 3188 1175 3251 est
1187 3205 1286 3268 quern

1054 3307 1160 3370 astare
1184 3306 1286 3371 video

219 3397 269 3462 vel
293 3397 396 3462 simile
420 3399 509 3481 quid.

255 3558 272 3619 ¹)
290 3555 512 3628 Spengelius:
542 3553 608 3609 Tor.
628 3554 690 3610 Non
709 3554 802 3628 edepol
821 3556 881 3611 seis.
900 3556 930 3610 P.
952 3555 999 3610 De*
1010 3555 1099 3611 hercle
1120 3556 1232 3628 pignus,
1262 3557 1289 3610 ni

917 3652 1023 3708 memini
1050 3653 1139 3707 omnia
1165 3657 1193 3708 et
1219 3652 1290 3719 ecio,

250 3748 397 3820 Equidem,
425 3749 447 3802 si
473 3749 525 3803 scis
543 3753 615 3812 tute,
632 3753 697 3821 quot
716 3748 795 3804 hodie
813 3749 909 3805 babeas
929 3749 1028 3820 digitos
1050 3751 1078 3805 in
1098 3767 1188 3806 manu.

251 3844 281 3898 Τ.
300 3849 373 3914 Egon
400 3845 460 3898 dem
487 3844 584 3916 pignus
609 3847 720 3900 tecum?
751 3846 781 3901 P.
810 3845 945 3901 Audacter
971 3847 994 3901 si
1020 3846 1140 3902 lubidost
1166 3847 1287 3919 perdere.

254 3940 428 3996 Goetzius.
447 3941 526 4008 (Aeta
543 3941 640 3995 Societ.
659 3940 755 3996 Philol.
774 3941 848 4014 Lips.
865 3942 939 3997 Tem.
959 3943 1015 3997 VI:
1034 3961 1077 4015 pg.
1097 3944 1161 4006 235)
1180 3945 1241 3998 sic:

252 4037 378 4108 Equidem
396 4037 483 4092 neseis
500 4041 558 4092 tute
577 4042 643 4108 quot
660 4037 738 4092 hodie
756 4038 853 4093 habeas
870 4038 968 4109 digitos
986 4039 1014 4092 in
1034 4057 1126 4094 manu.

251 4130 408 4204 Guyetus.
427 4133 457 4187 T.
468 4133 496 4187 Si
505 4133 612 4205 quidem
621 4134 673 4189 scis
683 4139 749 4201 tute,
761 4134 839 4188 hodie
851 4140 916 4206 quot
930 4134 1027 4190 habeas
1037 4133 1135 4204 digitos
1146 4134 1173 4188 in
1185 4152 1262 4188 manu
1282 4161 1288 4187 ε

251 4227 290 4283 no
316 4228 374 4283 dem
402 4230 497 4300 pignus
524 4234 623 4285 tecum.
657 4231 684 4285 Ρ,
716 4231 864 4285 Audacter.
884 4231 905 4286 si
924 4230 1017 4286 lubido
1034 4236 1076 4285 est
1092 4229 1216 4302 perdere.
