3046 4966
738 548 776 610 17

271 733 344 798 160.
371 733 400 816 (1
421 735 463 798 :3
478 757 485 797 :
501 733 572 820 80).
600 733 683 798 Dare
709 734 823 798 debet:
850 734 1040 816 praebenda
1061 734 1191 797 Ae'diles
1204 735 1292 799 loca-

1112 854 1229 923 verunt
1255 851 1293 938 ¹).

222 971 268 1034 De
292 973 495 1054 correptione
515 971 641 1037 litterae
666 996 682 1039 e
705 975 740 1038 in
764 971 925 1038 vocabulo
952 970 1293 1054 locaveruntconler:

268 1089 385 1157 Bacch.
403 1091 469 1154 918
489 1088 524 1175 (4
538 1113 545 1154 :
561 1093 581 1155 9
596 1120 602 1154 :
618 1090 664 1177 4).
692 1093 735 1157 Et
751 1092 837 1156 mille
854 1112 992 1158 nurnero
1006 1093 1140 1156 navium
1154 1092 1293 1155 decumo

222 1213 309 1273 anno
339 1210 413 1291 post
437 1209 646 1291 subegerunt.

269 1327 334 1394 Mil.
374 1329 438 1393 117
474 1327 676 1414 (2:1139).
710 1329 773 1393 Ubi
800 1332 914 1394 erimus
939 1330 1084 1412 provecti
1107 1330 1141 1392 in
1172 1329 1294 1405 altum,

223 1446 306 1510 sieut
330 1445 513 1510 voluerunt.
693 1517 696 1524 ,

270 1565 353 1631 Most
381 1566 443 1629 171
474 1563 507 1648 (1
525 1585 532 1629 :
548 1565 591 1630 4:
610 1565 696 1648 1⁶24).
717 1565 844 1644 Quibus
856 1586 945 1631 anus
962 1567 1049 1631 dorni
1068 1567 1146 1630 sunt
1163 1585 1295 1645 uxoreS,

225 1688 309 1765 quae
333 1703 394 1747 nos
417 1684 493 1748 dote
512 1685 712 1749 rne'ruerunt.

270 1803 371 1867 Poen.
397 1803 477 1885 prol,
505 1804 559 1867 11.
586 1804 648 1867 Diu
672 1807 730 1885 qui
750 1803 837 1899 domi
850 1805 944 1868 otiosi
958 1801 1180 1877 dormierunt,
1195 1802 1299 1865 decet.

224 1920 306 1986 Item
331 1921 397 1986 Mil.
428 1923 468 1985 1:
489 1922 602 1986 1:62.

108 2157 111 2164 ’
230 2158 306 2221 161.
333 2156 390 2242 (1;
419 2158 459 2221 3:
487 2157 547 2241 81)
574 2157 661 2220 Libri
685 2156 751 2219 tere
775 2176 889 2220 omnes
913 2157 1058 2221 habent:

272 2276 341 2340 lam
364 2275 438 2339 taxo
463 2277 514 2368 hic
539 2275 686 2340 aderunt.
719 2274 783 2339 Sed
807 2294 866 2355 ego
892 2277 1009 2339 horum
1027 2275 1097 2359 [nc]
1126 2274 1206 2339 nihil
1224 2275 1299 2338 scio.

154 2474 157 2480 Ι
229 2393 332 2459 Metro
366 2397 519 2474 cogente,
554 2395 588 2457 ni
625 2392 739 2469 fallor,
778 2392 970 2469 Ritscbclius
1005 2394 1051 2458 sic
1076 2393 1302 2476 transposuit:

275 2510 347 2574 lam
369 2508 443 2573 faxo
468 2510 518 2572 hic
543 2510 690 2574 aderunt.
719 2512 775 2599 Set
800 2532 859 2595 ego
884 2512 965 2577 nihil
988 2514 1115 2577 horunc
1139 2514 1215 2577 scio.

229 2628 303 2694 Non
340 2628 487 2692 ordInem
522 2628 713 2705 turbatum,
744 2650 858 2695 verum
893 2631 1090 2696 vocabulum
1126 2632 1190 2696 scio
1230 2650 1300 2695 cor·

232 2751 365 2831 ruptum
384 2759 453 2813 esse
465 2750 561 2831 puto:
588 2749 702 2812 ordine
714 2747 876 2813 librorum
887 2751 1015 2814 serrato
1029 2750 1176 2831 legamus
1189 2769 1194 2813 :
1208 2749 1299 2814 serio.

253 2868 346 2932 -lam
371 2867 444 2932 laxo
469 2867 520 2932 hio
545 2867 695 2932 aderunt.
722 2867 786 2931 Sed
803 2887 862 2948 ego
887 2868 1007 2933 horum
1024 2867 1096 2952 [nc]
1113 2869 1192 2932 nihil
1207 2868 1300 2931 serio.

99 3186 102 3193 Ι
283 3100 347 3164 174
370 3097 537 3184 (1ε1ε6)
564 3117 639 3162 curn
664 3097 800 3179 Berglrio
826 3100 872 3163 sic
894 3099 1045 3185 legatur:

153 3288 157 3295 ,
177 3208 182 3217 ’
279 3217 355 3284 Ovis
364 3219 390 3282 si
403 3221 436 3282 iu
449 3217 564 3282 ludum
577 3218 638 3281 iret
648 3218 807 3300 potuisset
818 3218 889 3283 fieri
903 3220 939 3282 rit
949 3218 1183 3300 probalitteras
1192 3217 1301 3291 sciret,

233 3339 290 3421 qui
324 3336 434 3402 scribit
469 3336 716 3422 (commentatio
753 3337 793 3400 de
828 3336 988 3401 Plautinis
1029 3335 1147 3400 fabulis
1190 3353 1300 3398 emen·

231 3457 362 3535 claudie,
400 3457 433 3520 in
465 3456 570 3521 indice
605 3455 791 3520 scholarum
827 3455 861 3518 in
898 3455 1109 3518 universitate
1142 3452 1301 3517 litteraria
1399 3477 1411 3485 ··
1500 3478 1505 3489 ·

232 3575 463 3640 Fridericiania
499 3574 632 3638 Halensi
668 3575 728 3638 etc.
768 3574 1011 3658 1868-1869)
1048 3593 1101 3656 pg.
1129 3574 1168 3636 6:
1205 3570 1302 3637 ‚Oris

239 3696 359 3769 sienim,
404 3694 493 3776 quod
536 3693 666 3775 scripsi.
710 3691 881 3756 manifesto
917 3691 1074 3769 delitescit
1111 3693 1145 3755 iu
1199 3690 1298 3754 libro-

238 3834 330 3879 „rum
354 3812 515 3896 scriptura
538 3812 622 3891 cuis,
648 3812 732 3893 quis,
762 3811 868 3890 cuius,
897 3814 933 3876 ut
961 3811 1135 3876 reiicienda
1165 3813 1301 3876 omnino

239 3935 298 3998 »sit
322 3933 449 3997 Gruteri
467 3933 651 3996 coniectura
669 3952 781 4011 cucur,
799 3951 900 4014 quarn
917 3931 1067 4014 probavit
1083 3930 1301 3994 Ritschelius''

274 4111 290 4169 ¹)
310 4109 411 4177 tanuen
428 4125 470 4179 pg.
490 4107 553 4161 284:
573 4125 602 4161 ea
621 4106 704 4169 debet,
728 4123 819 4165 ,wenn
838 4124 916 4161 mann
936 4106 1011 4161 nicht
1031 4103 1204 4159 vorziebtdie
1219 4105 1302 4189 Yerse

237 4203 275 4256 ior
294 4202 522 4274 neebplautinisob
543 4221 576 4256 zu
594 4200 742 4255 erkli‘rren.'’
943 4199 945 4204 ’

1188 4305 1206 4366 t
