3046 4966
754 550 797 612 50

238 740 271 803 in
309 741 490 804 Trinummo
526 740 624 804 fidem
659 740 744 804 inter
780 739 902 804 amicos
938 741 1100 823 depictam
1132 741 1310 821 hahemus,

238 879 376 942 quorum
415 858 498 922 alter
532 859 658 940 magnis
690 858 806 944 opibus
830 859 1006 940 praeditus
1032 861 1115 925 alter
1138 861 1314 944 pauperior

239 979 303 1042 est:
342 977 474 1042 tandem
499 976 584 1042 filius
609 977 763 1041 divitioris
788 977 888 1041 filiam
913 981 1116 1061 pauperioris
1140 981 1174 1044 in
1200 982 1313 1045 matri·

238 1096 386 1160 monium
422 1096 512 1159 ducit
537 1093 664 1178 (omnes
688 1095 753 1160 fere
778 1115 936 1178 personae
961 1097 1019 1160 viri
1041 1097 1135 1161 liberi
1159 1099 1313 1179 sunt).-

239 1214 276 1278 ln
312 1214 501 1280 Truculento
538 1216 602 1279 tres
634 1216 766 1278 iuvenes
801 1215 926 1296 (omnes
957 1216 1092 1301 liberos)
1118 1217 1312 1296 invenimus,

239 1333 295 1415 qui
335 1353 448 1398 omnes
488 1353 509 1397 a
548 1334 716 1398 meretrice
755 1333 899 1416 quadam
935 1335 1087 1399 omnibus
1120 1335 1254 1400 fallaciis
1277 1336 1312 1399 in

239 1471 386 1517 amorem
421 1453 472 1516 sui
496 1451 713 1535 pelliciuntur‚
743 1471 892 1535 quosque
915 1472 1015 1535 quam
1040 1455 1181 1518 maxime
1205 1456 1314 1536 potest

241 1571 405 1652 compilat.

287 1689 459 1773 Nusquam
494 1709 571 1770 ergo
607 1689 690 1752 servi
726 1689 835 1752 locum
870 1689 1013 1771 primum
1050 1690 1198 1772 explent:
1236 1691 1315 1754 sunt

240 1828 320 1872 sane
355 1809 547 1892 plerumque
585 1808 734 1872 dolorum
766 1810 924 1887 auctores
951 1829 1065 1872 verum
1088 1810 1241 1873 herorum
1266 1809 1316 1872 vel

241 1928 383 1992 filiorum
419 1928 569 1993 herilium
604 1946 718 1991 causa:
756 1926 840 1990 servi
863 1927 996 2009 quidem
1019 1930 1097 1992 sunt
1120 1929 1176 2011 qui
1201 1928 1313 2008 agant,

242 2067 355 2112 verum
390 2067 441 2112 res
478 2067 592 2112 eorum
628 2065 695 2110 non
734 2045 849 2126 agitur.
898 2047 936 2110 In
971 2046 1072 2112 Persa
1096 2048 1206 2111 autern
1231 2045 1316 2109 servi

242 2169 344 2247 agunt
368 2169 400 2232 et
423 2186 592 2232 servorum
617 2184 668 2229 res
691 2166 808 2246 agitur.

290 2403 371 2466 121.
422 2403 570 2468 Turnus,
620 2405 818 2472 Snennrsno.

290 2522 425 2586 Toxilus
448 2523 482 2586 in
506 2542 659 2588 scaenam
683 2525 792 2605 prodit
817 2524 916 2588 rerba
939 2523 1059 2588 faciens
1084 2524 1125 2587 de
1142 2522 1317 2587 difficulta-

244 2640 332 2704 tibus
366 2660 451 2723 quae
485 2642 513 2705 ei
550 2643 755 2724 superandae
780 2645 857 2708 sunt
880 2644 936 2726 qui
961 2663 1059 2724 egens
1082 2643 1246 2724 ingressus
1269 2642 1320 2706 est

244 2760 365 2824 amoris
388 2761 421 2824 in
446 2761 522 2836 vias,
541 2779 626 2843 quae
651 2762 867 2826 consideratio
884 2781 940 2826 sex
960 2779 1072 2826 versus
1084 2761 1200 2844 explet.
1231 2760 1318 2824 Satis

244 2877 350 2943 brevis
386 2881 435 2943 est
458 2899 554 2944 versu
579 2881 693 2963 quinto
719 2882 875 2946 transitus
902 2881 945 2945 ab
968 2880 1025 2945 illa
1048 2880 1215 2944 communi
1238 2898 1318 2944 con-

244 2997 440 3063 sideratione
463 2999 506 3062 ad
530 3018 564 3061 se
588 2999 712 3081 ipsum:
740 3020 818 3064 nam
829 3001 1004 3082 postquam
1017 3000 1112 3063 dixit:
1130 3017 1230 3063 „nam
1242 3016 1319 3061 cum

246 3115 412 3180 leone...
439 3117 597 3182 deluctari
621 3120 785 3193 mavelim,
811 3139 912 3202 quam
937 3139 1013 3183 cum
1038 3114 1179 3197 amore''‚
1198 3117 1318 3200 pergit:

252 3235 314 3299 nita
339 3235 383 3298 fio
408 3235 505 3300 miser
528 3238 721 3318 quaerundo
745 3239 880 3319 argento
904 3236 1052 3302 mutu0.'’
1086 3238 1172 3317 Ergo
1195 3235 1321 3301 intelle-

247 3355 391 3433 gendum
431 3356 479 3419 est
518 3355 670 3421 Toxilum
705 3357 813 3439 ipsum
850 3359 998 3437 egentem
1035 3357 1154 3420 amoris
1187 3357 1220 3421 in
1252 3356 1320 3419 vias

247 3474 427 3554 ingressum
465 3493 551 3553 esse,
589 3476 699 3558 itaque
735 3494 810 3539 eum
845 3476 1000 3540 miserum
1033 3474 1102 3538 fieri
1133 3471 1321 3555 quaerendo

248 3595 383 3673 argento
419 3594 546 3659 mutuo,
581 3593 748 3659 Nonnulla
771 3595 841 3659 ioca
865 3614 904 3658 ex
928 3594 1175 3676 comparatione
1200 3591 1321 3657 amoris

248 3732 324 3776 cum
347 3711 421 3776 feris
443 3712 558 3776 bestiis
578 3714 650 3778 orta
662 3732 873 3796 nequaquam
886 3714 948 3778 hoc
965 3714 1036 3777 loco
1050 3711 1157 3777 aliena
1171 3711 1317 3774 fuissent.

295 3831 397 3894 Versu
439 3833 473 3895 7⁰
513 3832 690 3913 Sagaristio
730 3833 763 3897 in
788 3852 942 3898 scaenam
966 3831 1075 3914 prodit
1099 3829 1257 3894 nonnulla
1281 3828 1322 3891 de

249 3950 363 4014 officiis
402 3951 483 4015 servi
521 3950 598 4016 boni
628 3951 776 4034 frugique
800 3951 983 4034 proferens:
1011 3950 1187 4031 Sagaristio
1210 3966 1323 4011 servus

249 4071 374 4134 amicus
413 4071 462 4134 est
485 4069 601 4148 Toxili,
627 4070 682 4134 alii
705 4071 817 4134 autem
840 4070 919 4134 hero
942 4069 1091 4133 serviens.
1142 4068 1214 4133 Duo
1238 4067 1322 4131 servi

250 4188 335 4252 inter
371 4207 406 4250 se
445 4189 661 4272 conspiciunt,
700 4189 845 4253 salutant
881 4190 913 4251 et
950 4189 1065 4268 rogant
1096 4186 1175 4269 quid
1208 4188 1322 4266 agant.
