3046 4966
741 546 780 607 16

271 734 345 797 123.
372 731 493 814 Cynica
517 739 586 799 e'sse
612 755 628 798 e
652 733 747 814 gente
771 732 899 813 oportet
927 731 1107 812 parasitum
1133 731 1245 824 probe.
1263 732 1288 816 ι)

220 851 304 914 Fieri
351 852 457 934 potuit
492 855 529 917 ut
566 873 708 933 „coepere
747 846 937 915 caucium*
978 850 1010 912 et
1053 849 1288 914 „tuburcinari”

220 972 285 1035 huc
319 971 429 1052 lapsae
463 971 690 1036 adnotationes
717 971 842 1049 ,fuerint
866 987 978 1033 versus
1005 968 1070 1032 ltu
1101 966 1133 1052 (1
1152 970 1215 1033 :31
1232 968 1288 1051 32)

223 1090 264 1153 ad
298 1088 397 1152 verba
434 1090 619 1155 committere
649 1089 807 1171 praelium
842 1087 1051 1169 explicanda,
1093 1106 1144 1170 ex·
1163 1089 1284 1170 quibus

220 1207 296 1271 inde
319 1209 427 1271 nescio
451 1208 524 1289 quis
552 1197 798 1272 commentator
815 1207 875 1270 hos
892 1206 975 1269 duos
994 1224 1105 1269 versus
1123 1207 1287 1272 conflavit.
1399 1219 1401 1223 ’

268 1325 394 1389 Tamen
417 1326 488 1389 fieri
511 1344 642 1407 quoque
668 1327 774 1407 poluit
799 1326 835 1388 ut
857 1345 885 1394 v.
916 1325 980 1389 ibt
1006 1323 1078 1388 loco
1102 1344 1162 1389 suo
1180 1328 1290 1390 motus

223 1445 281 1508 sit:
307 1444 378 1508 tum
402 1442 610 1509 collocandus
631 1464 700 1509 esse
723 1445 802 1509 mihi
827 1444 953 1509 videtur
973 1444 1047 1525 post
1071 1464 1099 1505 v.
1117 1445 1182 1507 126
1197 1442 1289 1530 (aqui

223 1564 416 1631 familiarem
439 1584 534 1629 suam
558 1565 658 1628 vitam
682 1558 823 1628 oblectet
847 1560 990 1648 modo'’),
1016 1562 1073 1626 ubi
1098 1563 1188 1628 uodo
1213 1567 1289 1629 reti-

225 1685 370 1749 nendum
402 1686 466 1762 est,
502 1702 562 1766 pro
594 1702 659 1766 quo
683 1702 742 1747 cur
765 1690 847 1747 cum·
865 1680 1035 1747 Guilielmo
1062 1683 1146 1748 dorni
1168 1684 1290 1748 substi-

190 1817 193 1824 '
225 1804 357 1868 luamus
379 1821 467 1867 nunc
492 1801 581 1866 nulla
605 1821 705 1868 causa
729 1802 795 1881 est,
821 1820 899 1883 cum
920 1800 954 1864 id
970 1802 1078 1884 ipsum
1095 1802 1290 1867 vocabalum

225 1923 290 1986 iam
316 1922 486 2003 sequatur:
512 1921 568 2002 qui
592 1940 621 1985 v.
649 1921 709 1984 121
739 1922 905 1984 servatum
930 1921 1022 1999 velit,
1056 1920 1191 1985 collocet
1216 1922 1289 2003 post

227 2032 356 2105 versum
384 2039 603 2104 »tuburcinari
617 2038 702 2100 —'’:
727 2059 800 2104 meo
824 2041 935 2104 autern
958 2040 1077 2103 iudicio
1101 2012 1291 2103 sine'dubio

227 2161 357 2242 spurius
381 2158 552 2223 habendus
576 2160 640 2222 est:
666 2158 758 2222 nullo
782 2159 867 2222 enim
893 2158 964 2222 loco
988 2159 1085 2241 plane
1109 2160 1206 2240 aptus
1231 2160 1287 2222 est.
1394 2215 1397 2220 .

279 2399 353 2463 137.
378 2397 409 2480 (1
428 2421 434 2462 :
451 2399 490 2462 3:
508 2396 576 2481 57).
615 2397 705 2460 Sicut
729 2397 799 2459 istic
823 2397 897 2461 leno
922 2397 987 2460 hau
1012 2396 1091 2459 dum
1113 2389 1174 2458 ¹sen
1198 2415 1290 2459 men-

1033 2515 1076 2578 sis
1100 2514 1292 2595 Megaribus.

278 2635 350 2698 Huc
373 2635 422 2698 est
445 2653 543 2716 quom
572 2633 804 2713 commigravit.

229 2752 262 2817 Si
310 2752 404 2816 lectio
447 2752 596 2823 vocabuli
629 2754 711 2817 sicut
757 2753 883 2833 integra
918 2751 983 2830 est,
1023 2752 1087 2814 vim
1127 2751 1291 2841 causalem

230 2870 351 2935 habeat
383 2890 465 2953 opus
501 2873 562 2935 esi:
598 2872 720 2936 Eadem
755 2872 802 2935 vis
833 2870 914 2936 sicut
946 2853 1100 2935 tribuitur
1130 2870 1194 2934 Mil.
1223 2871 1289 2934 966

229 2988 314 3072 (421
334 2990 415 3073 :bil
444 2988 569 3075 (rQuin
594 2991 630 3054 tu
651 2991 741 3054 illam
764 2991 839 3054 iube
859 3010 918 3072 aps
938 2990 1076 3054 teabire
1092 3008 1157 3071 quo
1175 2989 1285 3053 lubet:

177 3165 180 3171 .
230 3108 313 3171 sicut
345 3126 436 3171 soror
467 3109 536 3172 eius
570 3108 634 3173 huc
664 3109 792 3189 gemina
825 3110 913 3173 venit
939 3107 1104 3191 Ephesum
1129 3110 1162 3172 el
1185 3107 1289 3172 mater

126 3218 132 3233 ‘
230 3225 465 3308 accersuntque
489 3223 618 3311 eam''):
650 3227 728 3289 item
740 3227 832 3308 Epid.
848 3227 913 3290 bib
940 3226 974 3311 (t
989 3248 996 3290 :
1012 3227 1032 3289 b
1048 3248 1056 3290 ε
1072 3224 1130 3310 87)
1158 3224 1291 3312 (nNunc

231 3344 388 3408 occasiost
411 3344 568 3421 faciundi,
596 3323 787 3427 priusquam
811 3345 844 3408 in
870 3332 985 3408 urbem
1005 3344 1189 3421 advenerit,
1211 3345 1294 3407 sicut

230 3482 302 3527 cras
325 3463 377 3526 hic
400 3463 522 3528 aderit:
547 3463 643 3527 hodie
666 3463 756 3527 baud
780 3462 958 3533 venerit”).

230 3581 347 3645 Nostro
370 3581 441 3646 loco
466 3583 576 3646 eutem
599 3581 691 3647 facile
714 3583 879 3664 eorrumpi
907 3583 1014 3664 potuit
1039 3601 1079 3646 ex
1108 3583 1193 3646 »scin
1222 3581 1288 3646 ut.'’

267 3883 285 3942 l)
303 3876 384 3933 Hunc
406 3896 513 3933 vversum
539 3880 632 3952 scripsi
659 3898 691 3935 ex
718 3881 870 3935 coniectura
893 3882 1008 3946 Dorrac,
1037 3897 1084 3952 pro
1102 3880 1199 3951 quibus
1217 3879 1297 3935 habet

231 3975 399 4029 Bitsctelr'rr:

266 4069 395 4141 (lynioum
422 4089 479 4126 esse
504 4077 625 4142 egentem
652 4076 758 4143 oporiet
782 4072 924 4144 parasitum
946 4073 1035 4143 probe.
1054 4072 1091 4136 (ol
1106 4073 1172 4126 Jcni
1194 4074 1292 4125 Drusus

232 4164 320 4219 Plani.
337 4165 451 4237 Explan.
470 4167 530 4222 libri
549 4167 596 4224 lV.
616 4185 659 4239 pg.
679 4169 748 4230 460.)
790 4222 793 4229 ,
