3046 4966
456 1186 495 1252 11.
548 1179 595 1260 lle
621 1183 859 1280 repuquaoliis
885 1183 917 1260 iu
946 1180 1064 1261 Persa.

270 1605 459 1688 Antequam
482 1606 516 1670 in
539 1608 604 1672 fine
629 1609 727 1675 huius
747 1610 981 1675 dissertationis
1004 1609 1162 1673 iudicium
1182 1629 1293 1674 meum

225 1723 265 1787 de
297 1724 404 1789 Plauti
436 1724 555 1791 Persae
579 1729 701 1809 origine
726 1731 839 1812 paucis
860 1729 1029 1793 absolvam
1058 1729 1148 1793 lubet
1174 1730 1233 1793 lrac
1257 1730 1292 1793 in

224 1844 384 1925 particula
421 1843 573 1929 deinceps
611 1868 663 1910 res
702 1851 851 1926 tractare,
876 1868 961 1932 quae
985 1849 1019 1912 in
1045 1848 1156 1912 fabula
1180 1850 1292 1912 nostra

223 1963 332 2041 gestae
355 1964 441 2039 sunt,
459 1965 519 2027 hoc
536 1966 670 2029 consilio
683 1968 874 2048 praesertim
891 1969 928 2031 ut
943 1966 1127 2046 indagetur,
1142 1985 1227 2048 quae
1240 1986 1293 2030 me

222 2079 326 2144 iudice
354 2084 501 2163 pugnent
524 2087 639 2149 contra
663 2084 793 2149 fabulae
819 2085 1058 2150 oeconomiam.

270 2200 403 2281 Legenti
439 2201 658 2283 relegeniique
689 2201 799 2265 Plauti
827 2201 961 2265 Persam
989 2201 1101 2265 statim
1120 2202 1154 2265 in
1179 2202 1290 2266 oculos

224 2318 311 2383 cadit
349 2319 483 2383 Persam
521 2320 766 2403 quodammodo
790 2320 832 2384 ab
857 2320 1011 2384 omnibus
1034 2321 1148 2384 celeris
1174 2325 1289 2402 poetae

224 2438 327 2504 nostri
362 2437 479 2503 fabulis
508 2438 646 2514 differre,
671 2439 769 2522 idque
793 2439 883 2521 quod
907 2440 1024 2503 attinet
1047 2441 1089 2503 ad
1118 2432 1291 2520 argumen-

224 2557 303 2621 tum.
359 2557 617 2638 »Argumentum
652 2557 783 2623 fabulae
822 2560 872 2622 est
907 2558 999 2636 exile,
1025 2558 1199 2623 amotionis
1223 2578 1290 2621 ser-

223 2672 314 2739 vilis'’
336 2676 414 2739 sunt
444 2675 541 2767 verba
565 2677 671 2758 prima
696 2674 875 2741 Camerarii
898 2677 1093 2765 argumenti.
1142 2676 1290 2740 Revera

223 2797 272 2859 est
299 2794 411 2859 fabula
442 2794 573 2869 servilis,
608 2795 641 2857 in
667 2814 733 2876 qua
757 2793 823 2858 fere
848 2814 976 2876 semper
1000 2814 1068 2859 non
1093 2795 1154 2859 nisi
1180 2814 1290 2860 servos

223 2914 256 2978 in
281 2933 399 2978 scaena
423 2913 581 2977 videmus,
621 2913 659 2976 In
683 2914 796 2977 ceteris
820 2912 929 2977 Plauti
952 2913 1071 2977 fabulis
1084 2934 1134 2977 res
1147 2918 1290 2996 aguntur

224 3036 283 3097 aut
318 3033 360 3097 ab
385 3031 574 3098 hominibus
597 3032 708 3096 liberis
730 3034 788 3096 aut
812 3032 854 3096 ab
878 3032 1066 3097 hominibus
1089 3033 1199 3098 liberis
1223 3054 1289 3099 una

223 3140 299 3216 cum
329 3153 445 3216 servis:
479 3153 541 3216 hac
577 3153 610 3215 in
645 3152 756 3216 fabula
790 3152 849 3216 soli
885 3152 968 3215 servi
993 3153 1091 3216 telam
1116 3155 1232 3217 texunt
1258 3156 1290 3217 et

224 3291 327 3354 usque
351 3272 392 3335 ad
417 3271 519 3335 finem
543 3270 720 3336 deducunt.
769 3270 915 3336 Tantum
939 3271 1007 3335 lilia
1027 3272 1160 3353 parasiti
1186 3273 1290 3355 excipi

223 3395 349 3476 posset3
387 3413 425 3457 ea
460 3394 568 3456 autern
604 3366 743 3475 persona
770 3412 838 3457 non
874 3394 922 3457 est
947 3410 1046 3474 agens
1071 3394 1128 3457 aut
1151 3393 1289 3457 moliens

223 3512 356 3594 aliquid,
392 3512 450 3576 sed
486 3531 520 3574 se
555 3510 627 3576 aliis
658 3491 839 3594 praehens:
876 3513 985 3593 partes
1020 3511 1090 3574 eius
1117 3512 1286 3593 patibilem

223 3634 377 3696 naturam
398 3630 529 3705 haberit,
556 3630 701 3712 nihilque
729 3631 758 3694 ei
785 3629 971 3695 faciendum
984 3623 1033 3693 est
1045 3631 1107 3693 nisi
1120 3630 1162 3695 ad
1176 3635 1290 3712 rogata
1370 3718 1374 3726 Ι

222 3751 267 3815 sic
304 3728 501 3832 respondere
534 3749 627 3832 quasi
662 3749 820 3830 exlongo
847 3751 973 3814 remota
997 3751 1084 3813 terra
1108 3748 1288 3815 advenerit.

269 3870 306 3934 In
346 3869 460 3934 ceteris
495 3867 603 3933 Plauti
638 3866 757 3932 fabulis
792 3869 854 3931 hoc
877 3868 971 3933 aliter
994 3867 1199 3941 sesahahet.
1252 3869 1289 3932 In

223 3988 454 4070 Amphitruone
477 3988 588 4052 omnia
606 3987 702 4065 fiunt,
727 3988 826 4051 eiiam
849 4006 914 4051 nox
938 3987 1131 4069 prolatatur,
1157 3989 1194 4052 ut
1209 3988 1289 4052 deus

192 4099 196 4107 '
224 4109 289 4172 voti
325 4109 375 4172 sui
405 4127 539 4190 compos
562 4106 630 4171 fiat.
678 4106 715 4169 In
739 4107 898 4170 Asinaria
920 4105 955 4169 id
979 4106 1087 4186 agitur
1110 4107 1147 4171 ut
1172 4124 1289 4187 argen-

224 4229 295 4291 ium
319 4247 378 4309 pro
403 4228 508 4291 amica
523 4226 694 4290 liberanda
715 4227 849 4290 eruatur
861 4226 1043 4307 Argyrippo
1057 4223 1286 4311 (adulescenti)
