3046 4966
652 484 797 590 ¹eo

237 716 390 781 Plautina
427 719 474 782 est
506 736 607 800 quam
632 720 766 800 potest·
798 719 1018 782 Veruntamen
1043 737 1110 783 non
1135 721 1184 784 est
1208 720 1310 784 Plau-

237 836 344 899 tinum
377 836 574 918 perpetuum
598 837 680 902 illud
708 836 900 913 discidium,
934 835 1024 918 quod
1056 837 1142 900 inter
1165 838 1310 918 singulas

236 954 393 1018 dramatis
421 957 530 1036 partes
556 956 765 1034 observatur,
802 975 862 1019 nec
890 955 1046 1019 Plautina
1075 956 1144 1019 arte
1173 954 1310 1036 dignum

235 1072 323 1153 quod
348 1061 432 1136 servi
456 1073 666 1137 dominorum
689 1093 797 1137 mores
822 1074 853 1137 et
877 1073 1024 1154 linguam
1049 1092 1174 1155 praese
1188 1073 1307 1137 ferunt.

281 1191 395 1272 ltaque
431 1194 601 1273 quaerenti
637 1193 803 1274 quomodo
841 1192 909 1254 tam
938 1192 995 1254 vsui
1020 1190 1183 1255 dissimilis
1211 1195 1310 1274 poeta

235 1309 387 1373 exsistere
421 1311 581 1393 potuerit,
621 1330 655 1374 se
691 1311 786 1375 offert
822 1311 957 1392 suspitio
993 1310 1073 1394 (sive
1113 1301 1309 1393 hypothesin

234 1428 337 1507 magis
360 1427 466 1509 placet
491 1427 615 1514 dicere)
639 1449 704 1512 qua
729 1430 809 1494 haec
839 1427 950 1492 fabula
975 1447 1014 1491 ex
1040 1428 1169 1492 duabus
1181 1428 1223 1492 ab
1236 1429 1308 1509 ipso

234 1546 376 1610 conflata
408 1547 464 1620 sit,
499 1558 601 1630 quam
634 1548 739 1612 fateor
769 1547 945 1624 incertam,
984 1546 1041 1609 sed
1074 1565 1140 1628 qua
1166 1548 1309 1612 admissa

233 1665 412 1728 multarum
434 1668 731 1731 controversiarum
752 1686 851 1748 supra
872 1664 1083 1728 collectarum
1100 1665 1191 1744 origo
1205 1666 1308 1748 expli·
1334 1639 1336 1642 Ι

234 1785 345 1846 catur:
383 1783 471 1847 velut
503 1784 669 1866 quomodo
693 1785 763 1848 fieri
788 1785 889 1867 possit
914 1784 950 1846 ut
976 1783 1111 1846 Toxilus
1135 1783 1222 1847 dicat
1246 1784 1307 1847 sibi

233 1905 374 1984 pecunia
409 1922 476 1966 non
517 1903 658 1985 amplius
693 1922 776 1984 opus
813 1922 897 1977 esse,
937 1921 1012 1965 eum
1041 1901 1074 1965 in
1099 1903 1212 1966 nostra
1236 1903 1308 1983 qui·

233 2021 307 2084 dem
355 2021 468 2085 fabula
516 2041 627 2085 revera
675 2022 814 2103 pecunia
861 2019 1025 2101 indigeat:
1075 2019 1112 2084 cf.
1166 2040 1197 2085 v.
1242 2021 1307 2084 126

234 2137 266 2224 (1
284 2138 443 2223 :3:47);
483 2140 600 2203 deinde
636 2140 727 2220 origo
764 2158 936 2203 scenarum
973 2158 993 2202 a
1025 2139 1125 2202 serris
1157 2141 1307 2204 actarum

232 2277 336 2339 paene
362 2258 451 2323 omni
477 2259 671 2337 argumento
696 2259 876 2323 carentium
901 2257 955 2340 (cf.
980 2257 1063 2321 1122
1090 2259 1123 2321 et
1146 2256 1202 2343 4):
1228 2259 1307 2323 item

237 2394 355 2440 scenae
380 2376 440 2440 IV:
457 2377 489 2453 8,
518 2395 602 2456 quae
627 2395 694 2439 non
715 2377 867 2440 cohaeret
892 2395 967 2439 cum
994 2375 1126 2458 reliquis
1151 2377 1257 2440 etIV:
1273 2378 1304 2456 9,

233 2495 289 2558 ubi
329 2514 394 2558 res.
420 2495 556 2558 maximi
596 2497 753 2558 momenti
794 2496 925 2559 duobus
966 2495 1072 2558 verbis
1113 2496 1301 2570 conticitum

233 2614 330 2695 poeta
354 2614 405 2676 cui
430 2633 549 2710 manus
574 2632 641 2676 non
665 2615 742 2677 sunt
767 2614 941 2678 adstrictae
966 2613 1123 2695 exemplis
1147 2614 1223 2690 suis,
1250 2614 1306 2696 qui

233 2731 405 2795 materiam
435 2751 530 2796 suam
565 2732 666 2796 libere
690 2732 844 2805 elaborat,
883 2733 941 2795 aut
967 2732 1024 2814 qui
1047 2751 1151 2795 unum
1177 2733 1306 2796 tantum

234 2849 418 2930 exemplum
444 2850 603 2932 sequitur,
629 2845 708 2912 talia
733 2870 801 2913 non
819 2850 978 2931 proferet;
1005 2851 1071 2912 sint
1087 2850 1119 2913 in
1137 2849 1187 2913 his
1204 2869 1306 2932 quae·

233 2967 310 3031 dam
345 2986 430 3050 quae
467 2967 568 3031 veloci
593 2970 710 3049 poetae
739 2969 866 3032 calamo
891 2970 949 3032 aut
974 2967 1182 3031 librariorum
1207 2967 1306 3031 errori

234 3085 425 3161 debeantur,
451 3085 606 3168 pleraque
631 3088 740 3149 tamen
765 3085 848 3149 alius
874 3087 1000 3165 generis
1025 3090 1121 3148 sunt:
1147 3086 1207 3148 etsi
1220 3083 1305 3148 dilli-

234 3203 391 3267 cillimum
416 3206 464 3267 est
489 3203 651 3267 subtiliter
676 3204 812 3267 definire
836 3222 921 3285 quae
945 3203 990 3266 illi
1017 3202 1146 3266 fabulae
1161 3204 1303 3284 origini,

235 3341 320 3404 quae
347 3322 481 3386 vitiosae
505 3323 693 3403 scripturae,
721 3341 805 3404 quae
829 3322 929 3385 veloci
954 3322 1071 3404 poetae
1099 3321 1226 3386 calamo
1250 3321 1306 3404 (ad

235 3458 336 3523 quam
361 3459 430 3504 rem
456 3442 567 3504 statim
592 3440 718 3523 redibo)
745 3439 917 3504 tribuenda
942 3440 1016 3504 sint.

283 3558 375 3635 Quae
398 3561 509 3622 autem
533 3578 632 3622 eausa
657 3560 772 3640 poetae
798 3558 896 3622 tuisse
921 3559 1029 3641 potuit
1053 3577 1111 3621 eur
1136 3559 1304 3622 hominem

235 3675 384 3753 liberum,
410 3676 466 3759 qui
490 3678 524 3740 in
548 3675 660 3741 fabula
684 3679 763 3754 erat,
789 3695 874 3759 quae
898 3695 958 3757 pro
982 3676 1131 3758 exemplo
1144 3675 1213 3751 fuit,
1244 3695 1305 3757 pro

236 3813 328 3857 servo
363 3793 543 3877 expulerit?
579 3796 615 3859 ld
656 3798 786 3859 tantum
825 3796 1034 3859 commodum
1067 3795 1143 3859 oriri
1175 3794 1302 3876 potuit,

236 3912 325 3994 quod
361 3932 468 3977 sermo
507 3914 639 3977 humilis
679 3915 778 3996 atque
815 3914 951 3977 omnino
987 3932 1094 3976 mores
1136 3931 1304 3976 servorum

173 4095 175 4101 ,
237 4031 307 4095 sine
348 4031 414 4096 ullo
457 4033 714 4114 temperamento
754 4033 892 4113 possunt
931 4030 1182 4113 repraesentari,
1225 4030 1304 4094 item

238 4150 322 4213 servi
356 4150 389 4213 in
426 4169 523 4215 scena
559 4150 629 4213 sine
663 4149 727 4214 ulla
764 4149 940 4214 offensione
965 4149 1122 4214 saltantes
1147 4149 1304 4230 produci,
