3046 4966
730 530 774 591 85

265 717 484 782 Conseruntur
513 718 682 801 praeterea
713 737 798 801 quae
821 719 956 784 Brutos
977 720 1055 784 dicit
1080 721 1112 783 in
1137 720 1216 802 prol.
1245 721 1287 785 ad

217 836 325 900 Plauti
349 835 581 900 Trinummum
604 855 657 918 pg.
683 835 715 898 9.
736 837 759 916 ¹)
1076 839 1079 847 “

261 953 479 1018 Nihilominus
502 953 583 1037 puto
607 972 646 1016 ex
668 953 746 1036 ipsis
770 952 839 1018 istis
856 952 1101 1030 difficultatibus
1118 975 1156 1019 ac
1167 975 1286 1039 repug-

214 1071 336 1136 nantiis
372 1071 494 1135 exitum
529 1071 695 1153 quendam
729 1070 881 1153 reperiri,
920 1092 986 1155 quo
1022 1073 1165 1137 admisso
1197 1075 1286 1154 origo

140 1171 143 1176 ⁵
213 1190 299 1253 certe
323 1209 437 1254 earum
460 1209 570 1254 rerum
594 1187 804 1271 aliquatenus
828 1209 881 1253 me
909 1191 1016 1255 iudice
1040 1190 1225 1273 explicetur.

260 1307 379 1371 Omnia
404 1307 490 1372 enim
513 1325 614 1390 supra
638 1307 785 1388 exposita
807 1306 970 1388 colligenti
994 1308 1133 1389 apparet
1153 1307 1286 1371 Persam

212 1443 279 1488 non
309 1414 379 1488 esse
402 1443 504 1490 unam
527 1425 561 1488 in
585 1443 619 1488 se
644 1422 822 1506 perfectam
849 1444 887 1488 ac
915 1425 999 1489 bene
1025 1426 1213 1489 conclusam
1237 1425 1285 1488 f·
1313 1449 1315 1454 ·

212 1540 334 1606 hulam.
362 1541 539 1606 Comoedia
567 1543 680 1607 nostra
704 1542 831 1606 diversa
849 1543 1020 1625 complecti
1037 1542 1165 1607 videtur
1180 1562 1287 1625 neque
1364 1527 1372 1539 ’

212 1660 290 1724 satis
318 1660 351 1723 in
376 1679 444 1724 uno
467 1662 661 1741 argumento
685 1661 815 1724 versari.
865 1661 956 1724 Duae
980 1660 1063 1725 telae
1087 1662 1164 1724 ante
1175 1661 1287 1724 oculos

211 1778 432 1860 spectatorum
459 1779 631 1844 texuntur:
658 1779 762 1843 altera
779 1781 816 1842 ut
832 1779 971 1843 amatori
990 1775 1134 1864 (Toxilo)
1148 1780 1287 1861 pecunia

211 1896 448 1977 suppeditetur,
472 1915 539 1978 qua
555 1896 701 1960 amatam
717 1914 813 1960 suam
830 1897 962 1961 liberet:
983 1896 1025 1961 ad
1041 1897 1131 1979 quod
1148 1895 1285 1961 efficien-

211 2013 290 2076 dum
325 2031 441 2077 servus
463 2014 598 2096 quidam
624 2010 827 2099 (Sagaristio,
852 2014 977 2079 amicus
1002 2012 1086 2100 eius)
1111 2015 1285 2097 pecuniam

211 2130 253 2195 ab
281 2130 345 2195 alio
373 2131 435 2196 sibi
461 2132 574 2196 datam
602 2131 632 2194 ei
656 2131 810 2212 largitum
836 2132 939 2196 altera
964 2132 1001 2197 ut
1025 2133 1148 2214 virgine
1171 2133 1282 2208 libera,

211 2248 343 2331 parasiti
379 2248 455 2328 tilia,
480 2249 513 2313 in
538 2249 681 2330 speciem
705 2249 837 2313 vendita
862 2249 971 2314 lenoni
994 2251 1168 2330 argentum
1194 2251 1252 2314 aul
1270 2286 1284 2298 -

211 2369 311 2431 ratur.
363 2366 512 2445 Quorum
559 2366 830 2448 argumentorum
866 2368 1044 2448 utrumque
1080 2368 1173 2432 lanta
1209 2387 1284 2432 cum

210 2485 359 2549 ubertate
383 2486 553 2560 tractatur,
578 2503 617 2549 ac
640 2484 668 2547 si
684 2484 814 2548 duabus
830 2485 949 2549 fabulis
962 2485 1095 2549 diversis
1112 2487 1282 2550 materiam

174 2583 180 2594 ’
210 2602 368 2685 praebere
392 2602 524 2667 debeat:
552 2601 764 2666 nihilominus
787 2602 934 2666 videmus
955 2603 1186 2682 argumentum
1200 2604 1282 2667 alte·

212 2740 285 2784 rum
323 2720 404 2784 nulli
435 2720 490 2784 alii
527 2720 573 2783 rei
601 2720 756 2784 inservire
780 2720 841 2783 nisi
871 2722 908 2783 ut
935 2720 1147 2799 Sagaristioni
1174 2719 1282 2806 (servo

209 2840 265 2920 qui
290 2839 433 2903 amicum
457 2837 650 2920 adiuverat),
676 2838 823 2919 quinon
848 2837 1070 2919 postulaverat
1093 2839 1282 2920 utpecunia

210 2956 271 3020 sibi
306 2956 514 3034 redderetur,
550 2955 651 3021 immo
676 2955 733 3037 qui
757 2954 873 3019 Toxilo
897 2956 1069 3036 argentum
1092 2957 1281 3038 suppedita-

209 3075 300 3139 verat
348 3074 540 3156 priusquam
572 3072 600 3136 is
635 3072 760 3137 dixerat
792 3092 827 3136 se
857 3072 968 3137 statim
1004 3073 1139 3137 reddere
1175 3093 1279 3157 posse,

208 3193 346 3274 pecunia
370 3192 536 3256 reddatur.
562 3190 735 3254 Praeterea
760 3209 799 3254 ex
822 3191 907 3255 Il:3
934 3190 1198 3256 concludendum
1212 3213 1281 3257 esse

209 3310 338 3374 videtur
357 3309 611 3389 Sagaristionem
635 3309 742 3373 maius
770 3309 928 3390 quiddam
952 3310 1092 3392 petiisse,
1118 3328 1218 3392 quam
1246 3313 1281 3375 ut

209 3429 339 3492 tantum
373 3428 515 3491 amicum
547 3426 682 3500 iuvaret,
710 3446 824 3491 verum
848 3428 956 3508 ipsum
981 3446 1112 3508 quoque
1136 3427 1280 3510 aliquam

208 3545 412 3627 voluptatem
443 3544 491 3607 vel
524 3544 734 3609 commodum
767 3545 896 3627 assequi
920 3545 1041 3622 conari,
1066 3545 1281 3627 quamobrem

208 3663 378 3727 dominum
409 3681 547 3726 avarum
571 3662 719 3745 decipere
742 3662 862 3744 cupiat.
890 3660 936 3726 cf.
963 3663 996 3726 in
1021 3663 1133 3745 primis
1156 3685 1185 3728 v,
1212 3665 1279 3728 265
1385 3696 1389 3703 ·

208 3781 240 3843 et
263 3781 341 3844 266.
366 3776 402 3865 (a
419 3797 426 3842 ε
442 3781 483 3842 3:
502 3778 544 3842 14
569 3781 600 3844 et
627 3776 697 3864 15).
721 3778 953 3845 Pars'fabulae
978 3783 1111 3845 nostrae
1139 3782 1280 3863 plurima

245 4056 264 4115 ¹)
292 4055 336 4114 ,in
362 4054 461 4109 andern
489 4056 538 4110 wie
570 4054 670 4108 in.....
691 4055 850 4109 Persa.....
868 4055 956 4125 liegen
976 4057 1066 4110 sterke
1085 4056 1187 4126 Spuren
1207 4056 1265 4109 eine

212 4149 371 4220 edoppclten
391 4149 540 4205 Recension
559 4152 631 4204 vor'’.
