3046 4966
729 596 772 658 83

214 784 282 847 eius
313 785 440 865 partem
475 782 627 867 suscipit:
660 782 760 846 verba
789 781 925 846 alicuius
953 782 1020 864 qui,
1043 783 1079 844 ut
1105 780 1283 862 Sagaristio

214 900 326 964 nostro
346 899 427 979 loco,
453 901 519 964 iam
542 901 597 965 diu
624 918 755 982 operam
781 918 875 963 suam
893 900 926 963 in
940 899 1025 964 ludis
1036 897 1191 962 faciendis
1204 917 1280 961 cum

213 1018 327 1080 ceteris
351 1018 565 1092 consociavit,
591 1036 659 1081 esse
685 1037 751 1081 non
773 1019 921 1099 possunt.

258 1135 295 1199 V.
317 1134 384 1197 846
408 1134 483 1199 leno
505 1135 614 1199 denuo
638 1134 814 1215 colaphum
840 1134 957 1216 accipit
983 1134 1014 1196 et
1039 1152 1067 1196 v.
1096 1131 1162 1195 848
1181 1133 1283 1196 ictum

212 1251 310 1333 pedis,
337 1270 439 1334 acque
468 1252 567 1334 atque
593 1253 621 1315 ei
645 1252 747 1315 ictum
773 1251 903 1332 infringi
934 1250 1072 1313 vidimus
1096 1269 1123 1311 v.
1155 1250 1222 1312 809
1252 1251 1283 1312 ot

213 1369 289 1433 810.
318 1405 362 1416 -
384 1368 528 1450 Paegnio
564 1368 609 1452 (v,
646 1368 729 1454 848)
766 1370 884 1433 iterum
921 1387 956 1431 se
979 1369 1012 1431 in
1037 1367 1282 1431 altercationem

212 1485 318 1552 Toxili
352 1487 384 1549 et
419 1486 551 1550 Dordali
588 1487 768 1552 insinuanti
807 1488 907 1570 atque
931 1504 1046 1567 aspere
1071 1485 1104 1547 in
1128 1483 1281 1548 lenonem

212 1601 378 1666 invehenti
414 1598 497 1687 (quo
537 1601 634 1666 modo
670 1602 722 1683 agi
758 1603 836 1666 item
872 1622 899 1665 v.
929 1602 995 1667 794
1020 1599 1194 1686 vidimus),
1232 1601 1283 1665 hic

214 1718 328 1782 eadem
363 1719 425 1782 ista
461 1718 671 1800 despicientia
706 1718 863 1800 singulari
899 1721 1083 1802 respondet,
1111 1716 1283 1803 („loquere

215 1837 251 1898 tu
275 1836 373 1899 etiarn
396 1835 536 1900 frustum
561 1835 709 1923 pueri?'')
731 1856 797 1920 qna
822 1859 851 1901 v,
879 1838 945 1901 795
961 1834 1086 1923 (nQuid
1101 1837 1159 1914 ais,
1183 1855 1284 1911 crux,

213 1952 421 2016 stimulorum
446 1953 539 2017 tritor
548 1952 607 2037 1²³³).

259 2069 428 2134 Postremo
465 2069 676 2135 conferantur
712 2072 808 2136 verba
833 2073 1064 2137 Lemniselenis
1090 2070 1172 2157 (849
1197 2072 1283 2154 sqq.)

214 2188 256 2252 ad
290 2187 464 2266 lenonem,
503 2187 535 2251 et
569 2205 726 2269 responsa
761 2190 830 2252 eius
855 2208 930 2254 cum
963 2208 992 2254 ν.
1022 2189 1099 2268 798,
1125 2188 1182 2253 uhi
1208 2189 1283 2251 leno

213 2305 302 2370 illam
337 2304 526 2386 adloquitur
565 2302 671 2368 »bona
706 2304 839 2370 liberta'’
881 2305 932 2392 (ut
974 2308 1025 2372 hie
1049 2308 1103 2372 illa
1127 2308 1283 2372 lenonem

216 2421 433 2505 »patrone!'’).

260 2541 343 2605 Item
363 2560 390 2604 r.
418 2541 481 2603 851
512 2539 643 2617 „Quian
668 2540 699 2603 te
716 2559 820 2619 ¹voco,
846 2541 883 2604 ut
908 2541 967 2605 tibi
991 2541 1072 2605 bene
1096 2541 1179 2606 sit?''
1204 2561 1280 2605 cum

214 2678 243 2720 v.
269 2657 336 2721 799
367 2655 575 2731 nStultitiast,
603 2657 679 2738 quoi
704 2657 787 2720 bene
811 2676 881 2721 esse
905 2658 1012 2738 liceat,
1028 2675 1103 2721 eum
1121 2659 1283 2740 praevorti
1319 2739 1321 2743 Α

213 2773 401 2838 litibus.”—
