3046 4966
743 471 807 534 77·
872 419 873 422 ¹

222 664 295 742 Quo
333 663 418 729 lacto
454 664 528 727 leno
564 662 672 726 denuo
698 660 831 725 domum
857 661 940 726 redit
964 662 1001 726 ut
1025 661 1185 725 nonnulla
1208 661 1301 726 intus

123 777 129 786 ’
220 783 408 865 praecipiat,
445 801 531 864 quae
566 779 692 844 dudum
727 780 913 863 praecipere
950 779 1070 844 oblitus
1094 779 1145 858 sit,
1175 780 1301 860 virgine

221 901 309 983 apud
334 901 487 966 Toxilum
511 899 632 964 relicta.

271 1021 368 1085 Haud
404 1039 540 1103 parvam
576 1017 827 1082 admirationem
862 1017 972 1080 movet
1006 995 1095 1099 quod
1132 1018 1216 1095 leno,
1242 1017 1301 1099 qui

222 1142 320 1207 modo
348 1141 473 1204 metum
496 1157 594 1202 suum
617 1136 817 1215 indicaverit,
843 1136 979 1217 nequis
1006 1136 1130 1200 veniret
1143 1136 1300 1216 virginem
1335 1195 1338 1202 .
1371 1197 1375 1204 .

222 1262 255 1325 in
292 1257 477 1323 libertatem
513 1227 713 1320 vindicaturi]
750 1253 846 1337 (7162
882 1254 945 1332 Qui
971 1274 1030 1336 ego
1053 1274 1141 1320 nunc
1165 1255 1231 1320 scio
1256 1275 1301 1320 an

221 1381 287 1444 iam
312 1377 482 1443 adseratur
505 1376 586 1439 haec
609 1375 757 1452 meunt),
783 1392 871 1438 nunc
896 1393 968 1438 eam
992 1375 1108 1440 Toxilo
1131 1375 1165 1438 in
1189 1377 1301 1441 custo-

223 1498 311 1562 diam
336 1496 455 1561 tradal.
495 1494 569 1558 lure
594 1512 707 1574 rogare
735 1493 838 1576 possis
859 1513 1022 1576 quaenam
1046 1513 1145 1559 causa
1169 1495 1218 1573 sit,
1241 1514 1301 1560 cur

222 1617 312 1681 illam
349 1634 415 1678 non
440 1615 550 1677 statim
574 1631 686 1676 secum
710 1612 845 1676 domum
870 1613 968 1677 ducat
995 1613 1105 1696 ibique
1130 1597 1303 1695 diligenter

223 1735 342 1799 servet:
368 1732 457 1816 quod
483 1732 553 1795 sine
565 1731 666 1796 dubio
680 1732 796 1796 melius
807 1732 841 1796 in
854 1751 961 1796 mores
973 1732 1098 1797 lenonis
1111 1733 1298 1815 quadraret.
1317 1790 1321 1799 .

223 1855 404 1936 Postquam
428 1851 502 1916 leno
527 1851 608 1916 abiit
620 1851 754 1916 Toxilus
765 1851 975 1917 Saturionem
988 1853 1101 1916 evocat
1113 1851 1163 1919 his
1176 1851 1301 1917 verbis:-

272 1973 349 2037 775.
375 1970 432 2035 Το.
487 1969 576 2034 Heus
600 1970 739 2048 Saturio,
768 1970 835 2034 exi:
860 1989 949 2035 nunc
973 1971 1022 2034 est
1047 1970 1102 2034 illa
1127 1971 1253 2035 occasio

271 2086 347 2155 776.
482 2089 655 2153 Inimicum
680 2086 803 2179 ulcisci
824 2089 898 2154 Sar.
947 2089 1028 2154 Ecce
1053 2109 1116 2170 me,
1139 2090 1303 2173 numquid

1168 2212 1303 2274 moror?

274 2331 349 2395 777.
377 2330 436 2394 Το.
486 2330 555 2410 Age
580 2327 656 2392 illuc
676 2327 816 2393 abscede
827 2328 940 2410 procul
954 2347 972 2392 e
984 2329 1161 2417 conspectu
1175 2329 1206 2391 et
1219 2329 1302 2392 lace.

272 2450 349 2514 778.
400 2448 462 2512 Ubi
487 2467 561 2512 cum
586 2447 705 2511 lenone
733 2467 785 2511 me
812 2446 935 2511 videbis
961 2447 1121 2529 colloqui,

274 2569 351 2632 779.
401 2567 488 2631 Tum
506 2567 639 2631 turbam
655 2566 762 2631 facito.
783 2566 858 2631 Ser.
876 2566 1007 2631 Dictum
1024 2566 1163 2648 sapienti
1177 2566 1228 2630 sat
1240 2567 1301 2631 est.

274 2687 350 2751 730.
401 2687 461 2751 Το.
501 2686 595 2750 Tunc
634 2685 768 2768 quando
800 2684 910 2749 abiero
959 2685 1031 2749 Sne.
1071 2679 1153 2759 oum
1190 2682 1303 2748 laces‘l

568 2783 569 2786 Ἴ
1008 2804 1081 2868 Scio
1107 2803 1187 2885 quid
1212 2803 1303 2868 velis,

181 2965 183 2968 -
275 2924 366 3008 (730.
395 2923 530 2987 accessit
554 2943 571 2986 e
596 2923 666 2987 solo
692 2922 912 2987 Ambrosiano
937 2923 1115 2988 Ritschelio
1140 2919 1301 3008 auctore).

229 3043 300 3106 lam
328 3043 435 3124 primo
460 3042 594 3123 aspectu
620 3041 837 3123 intellegimus
861 3041 931 3105 fieri
954 3061 1021 3107 non
1046 3061 1141 3124 posse
1165 3042 1246 3124 quin
1269 3041 1305 3107 hi

229 3179 341 3224 versus
390 3160 629 3224 mendosissimi
665 3161 738 3224 sint.
800 3160 885 3225 Nam
920 3161 1057 3226 simulac
1094 3162 1304 3226 Saturionem

229 3279 317 3344 foras
355 3279 499 3344 evocavit
536 3300 565 3344 v.
604 3279 691 3359 775,
728 3282 760 3343 et
795 3280 847 3343 hic
882 3299 1036 3362 praesens
1073 3280 1166 3344 adest
1193 3279 1305 3344 dicens

237 3380 416 3481 „numquid
441 3397 583 3478 moror'’,
605 3399 717 3464 statim
741 3417 818 3462 eum
842 3398 952 3463 denuo
977 3418 994 3462 e
1018 3400 1194 3482 conspectu
1213 3399 1304 3463 abire

229 3519 330 3585 iubet.
380 3521 502 3584 Verum
542 3519 630 3601 quod
669 3518 767 3583 etiam
804 3518 908 3582 multo
944 3519 1048 3600 magis
1084 3518 1219 3583 offendit
1255 3519 1304 3582 est

186 3635 187 3638 ’
230 3637 319 3720 quod
355 3657 451 3703 scena
487 3639 635 3720 proxima
672 3636 849 3719 percipitur
885 3636 1141 3718 Sagaristionem
1169 3655 1208 3699 eo
1232 3635 1304 3718 ipso

232 3757 378 3839 tempore
415 3756 548 3822 turbam
572 3755 687 3835 lacere,
714 3775 779 3838 quo
804 3754 957 3820 Toxilum
986 3756 1102 3820 abiisse
1126 3755 1223 3819 videt.
1273 3754 1303 3818 ls

233 3878 320 3941 enim
355 3879 429 3959 post
465 3876 586 3958 gratias
609 3896 629 3940 a
652 3876 768 3940 lenone
793 3877 882 3962 actas
912 3873 1028 3938 „num”
1055 3874 1161 3957 inquit
1190 3873 1303 3955 »quip-

238 3996 344 4077 ‚piam
380 3996 461 4061 aliut
498 4015 550 4059 me
581 3994 669 4059 vis?'¹
695 3995 737 4059 ad
762 4013 846 4077 quae
870 3995 945 4059 leno
975 3994 1030 4058 „ut
1054 3994 1138 4058 bene
1162 3993 1202 4056 sit
1226 3989 1303 4055 tihi’

233 4115 416 4198 respondet.
466 4115 551 4182 Tum
587 4114 721 4180 Toxilus
757 4133 801 4179 vs,
840 4115 906 4179 736
940 4115 972 4178 et
1006 4114 1070 4180 737
1105 4111 1303 4197 proloquens
