3046 4966
704 539 747 598 88

238 764 262 799 a.
293 734 356 801 tat
387 732 444 809 tt:
463 731 482 792 3
498 748 503 791 ;
518 726 550 813 1)
576 747 646 809 sqq.
673 727 720 791 De
734 727 863 808 gaudio,
889 746 956 809 quo
968 725 1143 806 Sagaristio
1156 728 1262 791 elatus

189 866 236 923 aa
271 850 360 939 quod
398 846 570 927 argentum
606 845 777 923 invenerit,
811 845 901 926 quod
925 864 1082 909 conservo
1107 848 1262 910 mutuum

188 978 251 1041 dot..
278 968 392 1036 autaut
418 965 504 1028 dicta
528 965 601 1028 volo
627 983 711 1044 quae
739 963 780 1026 ad
806 984 834 1027 v.
861 962 918 1025 46.

236 1112 260 1149 v.
310 1084 375 1151 tt?
415 1080 594 1166 (2:416).
639 1080 815 1160 Sagaristio
851 1081 894 1144 ad
931 1082 1133 1162 Paegnium:
1179 1083 1262 1146 „Ubi

190 1206 337 1273 'toxitust
365 1203 441 1265 tuus
465 1196 585 1263 erus?''

237 1344 263 1385 v.
291 1320 359 1385 400
387 1315 421 1401 (3
436 1338 444 1379 ε
460 1316 500 1379 2:
521 1314 567 1398 1).
586 1316 683 1379 Dord.
714 1311 893 1389 »Quidnam
908 1334 977 1379 osse
990 1317 1140 1380 acturum
1155 1317 1260 1381 dicam

191 1442 277 1505 tituto
304 1435 445 1501 vicinum
462 1452 573 1496 meum
582 1431 615 1496 ?‘'
632 1433 719 1496 Num
737 1432 835 1495 homo
853 1432 936 1497 liber
952 1433 993 1496 de
1009 1452 1101 1497 servo
1117 1435 1263 1516 quodam

189 1556 329 1623 otiati
354 1569 441 1616 oseas
465 1550 615 1614 vicinus?

237 1692 262 1737 v.
291 1666 358 1737 405
386 1665 420 1753 (3
435 1687 441 1729 :
459 1669 499 1731 3:
519 1669 560 1748 1).
586 1668 633 1730 De
658 1669 752 1731 iussis
777 1687 796 1730 a
822 1667 938 1731 Toxilo
956 1668 1040 1732 datis
1053 1669 1264 1734 conferantur

189 1812 273 1877 quito
298 1787 364 1855 ttixi
389 1786 431 1849 ad
456 1807 484 1848 v.
512 1786 565 1849 85.

236 1930 264 1973 ν.
291 1905 353 1973 ὔθὶ
385 1901 442 1987 (42
459 1905 499 1966 3:
517 1904 572 1985 32)
598 1924 669 1986 sqq.
695 1906 803 1970 Sonus
827 1906 859 1967 et
873 1903 978 1967 forma
991 1904 1146 1986 epistolae
1158 1905 1262 1986 magis

188 2027 303 2095 itoooot
340 2024 466 2105 patrem
508 2024 550 2087 ad
588 2023 710 2102 filium,
737 2044 837 2106 quam
869 2024 1038 2088 dominum
1065 2024 1106 2087 ad
1131 2042 1263 2087 servum

191 2140 398 2211 uottbootom.

239 2278 268 2325 ν.
284 2258 361 2326 710.
390 2258 526 2322 Toxilus
539 2259 581 2322 ad
591 2259 846 2340 Sagaristionem
858 2255 1172 2344 (Pseudo-Persam)
1186 2278 1263 2341 pro-

192 2376 288 2445 tatio
316 2384 507 2459 parantem:
537 2375 636 2440 „Cras
660 2377 723 2440 ires
750 2377 875 2459 potiuS,
902 2376 999 2440 hodie
1024 2376 1076 2439 hio
1101 2376 1264 2441 cenares.’'

191 2496 249 2567 ttit·
288 2512 419 2579 quoque
448 2511 560 2556 versus
585 2493 689 2557 mutto
713 2495 828 2558 meiius
852 2495 886 2558 in
911 2514 1097 2559 sermonem
1121 2495 1263 2558 hominis

191 2615 280 2683 littori
337 2612 493 2676 adversus
542 2612 747 2692 peregrinum
795 2632 896 2694 quam
943 2614 1028 2676 servi
1075 2611 1260 2694 quadraret.

191 2730 384 2816 (attuaristio
414 2729 500 2792 enim
526 2729 587 2792 hoo
612 2728 683 2793 ioco
708 2748 819 2793 coram
843 2730 961 2793 lenone
985 2729 1077 2794 liberi
1102 2730 1263 2812 peregrini

191 2852 299 2941 potios
324 2844 415 2931 agit).

238 2968 326 3037 too.
367 2964 452 3029 Tota
493 2963 554 3026 hae
591 2983 689 3027 scena
717 2964 852 3030 Toxilus
881 2967 984 3047 magis
1010 2983 1089 3029 suae
1113 2965 1262 3045 dignitati

189 3102 371 3170 ooouruum
408 3080 529 3144 habere
553 3081 690 3161 videtur,
716 3084 743 3146 si
768 3083 848 3148 alios
876 3084 919 3149 ad
942 3084 1095 3146 lenonem
1118 3080 1262 3146 ludibrio

191 3202 379 3277 itatiouitum
404 3197 561 3279 impellat,
590 3218 689 3281 quam
715 3202 741 3264 si
766 3202 835 3283 ipso
859 3201 892 3264 id
917 3201 1024 3265 faciat.

236 3318 364 3405 Quibus
389 3317 542 3380 omnibus
567 3317 663 3382 rebus
687 3319 960 3396 adducimur‘ut
986 3317 1137 3401 quamvis
1153 3319 1195 3383 sit
1211 3337 1262 3382 res

190 3442 328 3516 intorto,
380 3439 490 3500 tamen
549 3436 736 3501 coniectura
777 3437 1013 3518 periclitemur;
1057 3414 1285 3519 suspicamur¹

190 3561 285 3641 'initur
311 3576 350 3622 ox
375 3554 505 3619 duabus
528 3552 647 3617 fabulis
672 3563 773 3618 unam
800 3574 869 3618 esse
893 3555 1087 3630 conflatam,
1114 3555 1167 3618 cui
1183 3554 1262 3619 titu-

190 3678 239 3753 tua
275 3676 394 3743 i’orsao
430 3671 553 3735 inditus
581 3672 631 3736 sit.
681 3672 824 3737 Alterius
849 3673 990 3737 duarum
1013 3672 1144 3737 illarum
1168 3672 1260 3736 fabu-

190 3797 294 3871 tttttttn
322 3791 435 3857 titulus
458 3790 563 3855 Persa
587 3789 685 3856 tuisse
703 3793 826 3872 potest,
851 3810 890 3854 ax
907 3809 973 3873 qua
990 3790 1023 3853 in
1040 3789 1153 3872 primis
1169 3790 1261 3854 actus

192 3912 228 3987 W
269 3912 300 3978 ot
335 3910 362 3971 V
397 3907 530 3970 tabulae
562 3909 693 3971 nostrae
729 3908 837 3972 hausti
873 3908 955 3972 sint:
981 3906 1114 3971 alterius
1137 3907 1262 3972 Boario

188 4028 253 4124 tto!
279 4027 343 4096 tolo
368 4025 482 4108 quid),
507 4025 555 4088 voi
581 4044 620 4088 ex
645 4026 776 4092 nomina
800 4025 883 4090 servi
905 4026 961 4111 qui
977 4026 1150 4108 pecuniam
1167 4043 1259 4106 prae·

194 4148 316 4223 tuerit:
345 4143 532 4228 sayoristto.
