<?xml version="1.0" encoding="UTF-8"?>
<!DOCTYPE html PUBLIC "-//W3C//DTD XHTML 1.0 Transitional//EN"
    "http://www.w3.org/TR/xhtml1/DTD/xhtml1-transitional.dtd">
<html xmlns="http://www.w3.org/1999/xhtml" xml:lang="en" lang="en">
 <head>
  <title>
</title>
<meta http-equiv="Content-Type" content="text/html;charset=utf-8" />
  <meta name='ocr-system' content='tesseract 3.04.00' />
  <meta name='ocr-capabilities' content='ocr_page ocr_carea ocr_par ocr_line ocrx_word'/>
</head>
<body>
  <div class='ocr_page' id='page_1' title='image "./dissertatiolitt00ijsegoog_0023.png"; bbox 0 0 3046 4966; ppageno 0'>
   <div class='ocr_carea' id='block_1_1' title="bbox 736 537 775 601">
    <p class='ocr_par' dir='ltr' id='par_1_1' title="bbox 736 537 775 601">
     <span class='ocr_line' id='line_1_1' title="bbox 736 537 775 601; baseline -0.026 0"><span class='ocrx_word' id='word_1_1' title='bbox 736 537 775 601; x_wconf 88' lang='lat'>10</span> 
     </span>
    </p>
   </div>
   <div class='ocr_carea' id='block_1_2' title="bbox 139 642 1331 4259">
    <p class='ocr_par' dir='ltr' id='par_1_2' title="bbox 560 642 572 673">
     <span class='ocr_line' id='line_1_2' title="bbox 560 642 572 673; baseline 0 0"><span class='ocrx_word' id='word_1_2' title='bbox 560 642 572 673; x_wconf 83' lang='grc' dir='ltr'><strong><em>Ι</em></strong></span> 
     </span>
    </p>

    <p class='ocr_par' dir='ltr' id='par_1_3' title="bbox 139 726 1331 2110">
     <span class='ocr_line' id='line_1_3' title="bbox 223 726 1284 809; baseline 0 -17"><span class='ocrx_word' id='word_1_3' title='bbox 223 730 328 792; x_wconf 88' lang='lat' dir='ltr'>dicere</span> <span class='ocrx_word' id='word_1_4' title='bbox 360 728 486 793; x_wconf 86' lang='lat' dir='ltr'>videtur</span> <span class='ocrx_word' id='word_1_5' title='bbox 509 728 693 794; x_wconf 86' lang='lat' dir='ltr'>Parasitus:</span> <span class='ocrx_word' id='word_1_6' title='bbox 734 726 829 791; x_wconf 66' lang='lat' dir='ltr'>„nolo</span> <span class='ocrx_word' id='word_1_7' title='bbox 861 726 1090 809; x_wconf 73' lang='lat' dir='ltr'>quadruplam,</span> <span class='ocrx_word' id='word_1_8' title='bbox 1128 729 1203 792; x_wconf 91' lang='lat' dir='ltr'>nolo</span> <span class='ocrx_word' id='word_1_9' title='bbox 1228 729 1284 792; x_wconf 92' lang='lat' dir='ltr'>de-</span> 
     </span>
     <span class='ocr_line' id='line_1_4' title="bbox 221 830 1284 930; baseline -0.001 -20"><span class='ocrx_word' id='word_1_10' title='bbox 221 846 307 910; x_wconf 91' lang='lat' dir='ltr'>lator</span> <span class='ocrx_word' id='word_1_11' title='bbox 318 830 387 910; x_wconf 87' lang='lat' dir='ltr'>esse</span> <span class='ocrx_word' id='word_1_12' title='bbox 396 847 567 921; x_wconf 82' lang='lat' dir='ltr'>criminum</span> <span class='ocrx_word' id='word_1_13' title='bbox 577 848 782 930; x_wconf 91' lang='lat' dir='ltr'>publicorum</span> <span class='ocrx_word' id='word_1_14' title='bbox 792 830 1008 928; x_wconf 87' lang='lat' dir='ltr'>(spequartae</span> <span class='ocrx_word' id='word_1_15' title='bbox 1020 846 1122 926; x_wconf 87' lang='lat' dir='ltr'>partis</span> <span class='ocrx_word' id='word_1_16' title='bbox 1133 846 1284 924; x_wconf 82' lang='lat' dir='ltr'>mulctae,</span> 
     </span>
     <span class='ocr_line' id='line_1_5' title="bbox 229 961 1284 1047; baseline 0.002 -21"><span class='ocrx_word' id='word_1_17' title='bbox 229 982 331 1046; x_wconf 72' lang='lat' dir='ltr'>„quae</span> <span class='ocrx_word' id='word_1_18' title='bbox 376 965 620 1029; x_wconf 87' lang='lat' dir='ltr'>accusatoribus</span> <span class='ocrx_word' id='word_1_19' title='bbox 649 966 794 1047; x_wconf 88' lang='lat' dir='ltr'>praemio</span> <span class='ocrx_word' id='word_1_20' title='bbox 828 961 945 1047; x_wconf 88' lang='lat' dir='ltr'>cedit):</span> <span class='ocrx_word' id='word_1_21' title='bbox 981 982 1049 1027; x_wconf 91' lang='lat' dir='ltr'>non</span> <span class='ocrx_word' id='word_1_22' title='bbox 1084 964 1171 1027; x_wconf 84' lang='lat' dir='ltr'>onim</span> <span class='ocrx_word' id='word_1_23' title='bbox 1205 965 1284 1028; x_wconf 90' lang='lat' dir='ltr'>mihi</span> 
     </span>
     <span class='ocr_line' id='line_1_6' title="bbox 229 1081 1321 1167; baseline 0 -21"><span class='ocrx_word' id='word_1_24' title='bbox 229 1084 393 1164; x_wconf 54' lang='lat' dir='ltr'>„placenh</span> <span class='ocrx_word' id='word_1_25' title='bbox 419 1084 475 1166; x_wconf 92' lang='lat' dir='ltr'>qui</span> <span class='ocrx_word' id='word_1_26' title='bbox 498 1085 559 1148; x_wconf 92' lang='lat' dir='ltr'>hoc</span> <span class='ocrx_word' id='word_1_27' title='bbox 582 1083 714 1160; x_wconf 87' lang='lat' dir='ltr'>faciunt,</span> <span class='ocrx_word' id='word_1_28' title='bbox 742 1084 803 1147; x_wconf 93' lang='lat' dir='ltr'>nisi</span> <span class='ocrx_word' id='word_1_29' title='bbox 823 1083 903 1165; x_wconf 90' lang='lat' dir='ltr'>reip.</span> <span class='ocrx_word' id='word_1_30' title='bbox 929 1101 1029 1146; x_wconf 86' lang='lat' dir='ltr'>causa</span> <span class='ocrx_word' id='word_1_31' title='bbox 1044 1081 1181 1146; x_wconf 85' lang='lat' dir='ltr'>faciant:</span> <span class='ocrx_word' id='word_1_32' title='bbox 1198 1081 1241 1167; x_wconf 86' lang='lat' dir='ltr'>(v.</span> <span class='ocrx_word' id='word_1_33' title='bbox 1255 1101 1278 1146; x_wconf 89' lang='lat' dir='ltr'>c.</span> <span class='ocrx_word' id='word_1_34' title='bbox 1319 1126 1321 1130; x_wconf 91' lang='lat'>-</span> 
     </span>
     <span class='ocr_line' id='line_1_7' title="bbox 228 1201 1284 1285; baseline 0 -21"><span class='ocrx_word' id='word_1_35' title='bbox 228 1202 278 1265; x_wconf 73' lang='lat' dir='ltr'>„in</span> <span class='ocrx_word' id='word_1_36' title='bbox 303 1202 437 1265; x_wconf 90' lang='lat' dir='ltr'>crimine</span> <span class='ocrx_word' id='word_1_37' title='bbox 462 1202 733 1285; x_wconf 83' lang='lat' dir='ltr'>repetundarum)</span> <span class='ocrx_word' id='word_1_38' title='bbox 757 1220 836 1266; x_wconf 85' lang='lat' dir='ltr'>nam</span> <span class='ocrx_word' id='word_1_39' title='bbox 858 1202 915 1284; x_wconf 94' lang='lat' dir='ltr'>qui</span> <span class='ocrx_word' id='word_1_40' title='bbox 931 1201 964 1265; x_wconf 92' lang='lat' dir='ltr'>id</span> <span class='ocrx_word' id='word_1_41' title='bbox 978 1201 1057 1282; x_wconf 89' lang='lat' dir='ltr'>reip.</span> <span class='ocrx_word' id='word_1_42' title='bbox 1070 1220 1169 1265; x_wconf 86' lang='lat' dir='ltr'>causa</span> <span class='ocrx_word' id='word_1_43' title='bbox 1181 1201 1284 1282; x_wconf 82' lang='lat' dir='ltr'>magis</span> 
     </span>
     <span class='ocr_line' id='line_1_8' title="bbox 227 1299 1284 1413; baseline 0 -31"><span class='ocrx_word' id='word_1_44' title='bbox 227 1299 321 1384; x_wconf 48' lang='lat' dir='ltr'>{facit</span> <span class='ocrx_word' id='word_1_45' title='bbox 345 1339 445 1403; x_wconf 88' lang='lat' dir='ltr'>quarn</span> <span class='ocrx_word' id='word_1_46' title='bbox 469 1320 512 1384; x_wconf 94' lang='lat' dir='ltr'>ob</span> <span class='ocrx_word' id='word_1_47' title='bbox 532 1341 629 1385; x_wconf 90' lang='lat' dir='ltr'>suum</span> <span class='ocrx_word' id='word_1_48' title='bbox 652 1322 753 1404; x_wconf 92' lang='lat' dir='ltr'>ipsius</span> <span class='ocrx_word' id='word_1_49' title='bbox 777 1321 1003 1399; x_wconf 88' lang='lat' dir='ltr'>commodum,</span> <span class='ocrx_word' id='word_1_50' title='bbox 1017 1320 1147 1384; x_wconf 85' lang='lat' dir='ltr'>credere</span> <span class='ocrx_word' id='word_1_51' title='bbox 1162 1320 1284 1413; x_wconf 90' lang='lat' dir='ltr'>possim</span> 
     </span>
     <span class='ocr_line' id='line_1_9' title="bbox 139 1415 1282 1520; baseline 0.001 -19"><span class='ocrx_word' id='word_1_52' title='bbox 139 1499 144 1510; x_wconf 86' lang='grc'><strong><em>,</em></strong></span> <span class='ocrx_word' id='word_1_53' title='bbox 226 1415 322 1502; x_wconf 50' lang='lat' dir='ltr'>{eum</span> <span class='ocrx_word' id='word_1_54' title='bbox 347 1459 416 1502; x_wconf 86' lang='lat' dir='ltr'>esse</span> <span class='ocrx_word' id='word_1_55' title='bbox 439 1441 543 1504; x_wconf 85' lang='lat' dir='ltr'>rivom</span> <span class='ocrx_word' id='word_1_56' title='bbox 567 1440 691 1520; x_wconf 89' lang='lat' dir='ltr'>bonum</span> <span class='ocrx_word' id='word_1_57' title='bbox 714 1441 747 1503; x_wconf 89' lang='lat' dir='ltr'>et</span> <span class='ocrx_word' id='word_1_58' title='bbox 768 1439 915 1503; x_wconf 87' lang='lat' dir='ltr'>fidelem:</span> <span class='ocrx_word' id='word_1_59' title='bbox 941 1441 998 1503; x_wconf 88' lang='lat' dir='ltr'>sed</span> <span class='ocrx_word' id='word_1_60' title='bbox 1010 1439 1061 1502; x_wconf 84' lang='lat' dir='ltr'>lex</span> <span class='ocrx_word' id='word_1_61' title='bbox 1073 1437 1206 1502; x_wconf 85' lang='lat' dir='ltr'>ferenda</span> <span class='ocrx_word' id='word_1_62' title='bbox 1218 1440 1282 1517; x_wconf 84' lang='lat' dir='ltr'>est,</span> 
     </span>
     <span class='ocr_line' id='line_1_10' title="bbox 226 1557 1280 1656; baseline 0.001 -35"><span class='ocrx_word' id='word_1_63' title='bbox 226 1560 296 1635; x_wconf 65' lang='lat' dir='ltr'>aut,</span> <span class='ocrx_word' id='word_1_64' title='bbox 322 1559 348 1622; x_wconf 91' lang='lat' dir='ltr'>si</span> <span class='ocrx_word' id='word_1_65' title='bbox 373 1558 445 1641; x_wconf 90' lang='lat' dir='ltr'>quis</span> <span class='ocrx_word' id='word_1_66' title='bbox 469 1559 654 1656; x_wconf 75' lang='lat' dir='ltr'>maleficum</span> <span class='ocrx_word' id='word_1_67' title='bbox 679 1560 830 1636; x_wconf 85' lang='lat' dir='ltr'>accusat,</span> <span class='ocrx_word' id='word_1_68' title='bbox 855 1559 888 1622; x_wconf 88' lang='lat' dir='ltr'>et</span> <span class='ocrx_word' id='word_1_69' title='bbox 915 1558 1062 1639; x_wconf 90' lang='lat' dir='ltr'>repertus</span> <span class='ocrx_word' id='word_1_70' title='bbox 1087 1559 1135 1621; x_wconf 87' lang='lat' dir='ltr'>est</span> <span class='ocrx_word' id='word_1_71' title='bbox 1158 1557 1280 1622; x_wconf 88' lang='lat' dir='ltr'>calum·</span> 
     </span>
     <span class='ocr_line' id='line_1_11' title="bbox 223 1676 1282 1758; baseline 0 -18"><span class='ocrx_word' id='word_1_72' title='bbox 223 1678 367 1755; x_wconf 59' lang='lat' dir='ltr'>imatos,</span> <span class='ocrx_word' id='word_1_73' title='bbox 393 1677 517 1741; x_wconf 88' lang='lat' dir='ltr'>aerario</span> <span class='ocrx_word' id='word_1_74' title='bbox 544 1677 639 1741; x_wconf 88' lang='lat' dir='ltr'>cedat</span> <span class='ocrx_word' id='word_1_75' title='bbox 661 1677 831 1740; x_wconf 91' lang='lat' dir='ltr'>dimidium</span> <span class='ocrx_word' id='word_1_76' title='bbox 856 1676 1013 1751; x_wconf 82' lang='lat' dir='ltr'>mulctae,</span> <span class='ocrx_word' id='word_1_77' title='bbox 1040 1695 1126 1758; x_wconf 90' lang='lat' dir='ltr'>quae</span> <span class='ocrx_word' id='word_1_78' title='bbox 1145 1677 1282 1741; x_wconf 87' lang='lat' dir='ltr'>damna-</span> 
     </span>
     <span class='ocr_line' id='line_1_12' title="bbox 226 1794 1280 1877; baseline 0 -19"><span class='ocrx_word' id='word_1_79' title='bbox 226 1798 277 1858; x_wconf 67' lang='lat' dir='ltr'>„to</span> <span class='ocrx_word' id='word_1_80' title='bbox 301 1796 444 1876; x_wconf 82' lang='lat' dir='ltr'>irrogata</span> <span class='ocrx_word' id='word_1_81' title='bbox 467 1797 568 1872; x_wconf 89' lang='lat' dir='ltr'>esset;</span> <span class='ocrx_word' id='word_1_82' title='bbox 586 1798 685 1877; x_wconf 89' lang='lat' dir='ltr'>atque</span> <span class='ocrx_word' id='word_1_83' title='bbox 708 1795 769 1859; x_wconf 87' lang='lat' dir='ltr'>hoc</span> <span class='ocrx_word' id='word_1_84' title='bbox 793 1796 926 1877; x_wconf 88' lang='lat' dir='ltr'>quidem</span> <span class='ocrx_word' id='word_1_85' title='bbox 950 1796 983 1858; x_wconf 91' lang='lat' dir='ltr'>in</span> <span class='ocrx_word' id='word_1_86' title='bbox 994 1794 1120 1859; x_wconf 87' lang='lat' dir='ltr'>iudiciis</span> <span class='ocrx_word' id='word_1_87' title='bbox 1132 1794 1280 1877; x_wconf 85' lang='lat' dir='ltr'>puhlicis.</span> 
     </span>
     <span class='ocr_line' id='line_1_13' title="bbox 225 1913 1331 1995; baseline 0.002 -20"><span class='ocrx_word' id='word_1_88' title='bbox 225 1913 290 1977; x_wconf 71' lang='lat' dir='ltr'>‚De</span> <span class='ocrx_word' id='word_1_89' title='bbox 311 1914 444 1995; x_wconf 87' lang='lat' dir='ltr'>privatis</span> <span class='ocrx_word' id='word_1_90' title='bbox 467 1915 529 1978; x_wconf 88' lang='lat' dir='ltr'>hoc</span> <span class='ocrx_word' id='word_1_91' title='bbox 553 1916 651 1979; x_wconf 87' lang='lat' dir='ltr'>etiam</span> <span class='ocrx_word' id='word_1_92' title='bbox 675 1915 709 1978; x_wconf 92' lang='lat' dir='ltr'>in</span> <span class='ocrx_word' id='word_1_93' title='bbox 734 1933 774 1977; x_wconf 89' lang='lat' dir='ltr'>ea</span> <span class='ocrx_word' id='word_1_94' title='bbox 797 1914 866 1995; x_wconf 84' lang='lat' dir='ltr'>lege</span> <span class='ocrx_word' id='word_1_95' title='bbox 878 1913 1086 1978; x_wconf 86' lang='lat' dir='ltr'>adscribitor:</span> <span class='ocrx_word' id='word_1_96' title='bbox 1112 1914 1146 1978; x_wconf 89' lang='lat' dir='ltr'>Si</span> <span class='ocrx_word' id='word_1_97' title='bbox 1158 1914 1281 1978; x_wconf 90' lang='lat' dir='ltr'>calum·</span> <span class='ocrx_word' id='word_1_98' title='bbox 1329 1963 1331 1968; x_wconf 86' lang='lat'><em>.</em></span> 
     </span>
     <span class='ocr_line' id='line_1_14' title="bbox 225 2015 920 2110; baseline 0.006 -18"><span class='ocrx_word' id='word_1_99' title='bbox 225 2033 350 2095; x_wconf 73' lang='lat' dir='ltr'>„niator</span> <span class='ocrx_word' id='word_1_100' title='bbox 373 2030 470 2096; x_wconf 86' lang='lat' dir='ltr'>alicui</span> <span class='ocrx_word' id='word_1_101' title='bbox 494 2015 632 2097; x_wconf 75' lang='lat' dir='ltr'>manum</span> <span class='ocrx_word' id='word_1_102' title='bbox 654 2034 814 2110; x_wconf 86' lang='lat' dir='ltr'>iniecerit,</span> <span class='ocrx_word' id='word_1_103' title='bbox 840 2029 920 2096; x_wconf 86' lang='lat' dir='ltr'>etc.&#39;&#39;</span> 
     </span>
    </p>

    <p class='ocr_par' dir='ltr' id='par_1_4' title="bbox 189 2150 1281 3069">
     <span class='ocr_line' id='line_1_15' title="bbox 265 2150 1281 2233; baseline 0.002 -21"><span class='ocrx_word' id='word_1_104' title='bbox 265 2150 385 2214; x_wconf 89' lang='lat' dir='ltr'>Verum</span> <span class='ocrx_word' id='word_1_105' title='bbox 422 2151 470 2215; x_wconf 87' lang='lat' dir='ltr'>est</span> <span class='ocrx_word' id='word_1_106' title='bbox 505 2152 585 2216; x_wconf 89' lang='lat' dir='ltr'>haec</span> <span class='ocrx_word' id='word_1_107' title='bbox 619 2152 698 2216; x_wconf 91' lang='lat' dir='ltr'>satis</span> <span class='ocrx_word' id='word_1_108' title='bbox 730 2150 845 2232; x_wconf 83' lang='lat' dir='ltr'>argute</span> <span class='ocrx_word' id='word_1_109' title='bbox 868 2151 1033 2233; x_wconf 84' lang='lat' dir='ltr'>disputata</span> <span class='ocrx_word' id='word_1_110' title='bbox 1057 2169 1153 2230; x_wconf 76' lang='lat' dir='ltr'>esse„</span> <span class='ocrx_word' id='word_1_111' title='bbox 1179 2152 1228 2225; x_wconf 90' lang='lat' dir='ltr'>et,</span> <span class='ocrx_word' id='word_1_112' title='bbox 1254 2151 1281 2214; x_wconf 91' lang='lat' dir='ltr'>si</span> 
     </span>
     <span class='ocr_line' id='line_1_16' title="bbox 217 2267 1279 2351; baseline 0.001 -21"><span class='ocrx_word' id='word_1_113' title='bbox 217 2267 272 2332; x_wconf 87' lang='lat' dir='ltr'>illa</span> <span class='ocrx_word' id='word_1_114' title='bbox 310 2270 381 2333; x_wconf 92' lang='lat' dir='ltr'>loco</span> <span class='ocrx_word' id='word_1_115' title='bbox 416 2271 528 2334; x_wconf 91' lang='lat' dir='ltr'>nostro</span> <span class='ocrx_word' id='word_1_116' title='bbox 563 2270 764 2351; x_wconf 80' lang='lat' dir='ltr'>legerentur,</span> <span class='ocrx_word' id='word_1_117' title='bbox 801 2272 912 2335; x_wconf 90' lang='lat' dir='ltr'>omnia</span> <span class='ocrx_word' id='word_1_118' title='bbox 943 2272 1029 2334; x_wconf 89' lang='lat' dir='ltr'>recte</span> <span class='ocrx_word' id='word_1_119' title='bbox 1053 2289 1087 2333; x_wconf 84' lang='lat' dir='ltr'>so</span> <span class='ocrx_word' id='word_1_120' title='bbox 1110 2269 1279 2334; x_wconf 88' lang='lat' dir='ltr'>haberent.</span> 
     </span>
     <span class='ocr_line' id='line_1_17' title="bbox 217 2374 1279 2471; baseline -0.002 -19"><span class='ocrx_word' id='word_1_121' title='bbox 217 2389 366 2454; x_wconf 84' lang='lat' dir='ltr'><strong>Forsitan</strong></span> <span class='ocrx_word' id='word_1_122' title='bbox 391 2391 501 2453; x_wconf 86' lang='lat' dir='ltr'>autern</span> <span class='ocrx_word' id='word_1_123' title='bbox 527 2374 686 2471; x_wconf 85' lang='lat' dir='ltr'>rogaverit</span> <span class='ocrx_word' id='word_1_124' title='bbox 711 2389 827 2471; x_wconf 93' lang='lat' dir='ltr'>aliquis</span> <span class='ocrx_word' id='word_1_125' title='bbox 843 2408 924 2453; x_wconf 90' lang='lat' dir='ltr'>num</span> <span class='ocrx_word' id='word_1_126' title='bbox 940 2389 1109 2453; x_wconf 86' lang='lat' dir='ltr'>verisimile</span> <span class='ocrx_word' id='word_1_127' title='bbox 1126 2389 1167 2452; x_wconf 91' lang='lat' dir='ltr'>sit</span> <span class='ocrx_word' id='word_1_128' title='bbox 1182 2407 1279 2470; x_wconf 86' lang='lat' dir='ltr'>para·</span> 
     </span>
     <span class='ocr_line' id='line_1_18' title="bbox 216 2488 1280 2599; baseline 0 -29"><span class='ocrx_word' id='word_1_129' title='bbox 216 2509 314 2571; x_wconf 90' lang='lat' dir='ltr'>situm</span> <span class='ocrx_word' id='word_1_130' title='bbox 349 2510 417 2572; x_wconf 90' lang='lat' dir='ltr'>tam</span> <span class='ocrx_word' id='word_1_131' title='bbox 452 2509 564 2572; x_wconf 85' lang='lat' dir='ltr'>exacte</span> <span class='ocrx_word' id='word_1_132' title='bbox 599 2488 797 2599; x_wconf 66' lang='lat' dir='ltr'>disseruisse,</span> <span class='ocrx_word' id='word_1_133' title='bbox 823 2509 854 2571; x_wconf 88' lang='lat' dir='ltr'>et</span> <span class='ocrx_word' id='word_1_134' title='bbox 884 2527 965 2572; x_wconf 92' lang='lat' dir='ltr'>num</span> <span class='ocrx_word' id='word_1_135' title='bbox 988 2509 1103 2572; x_wconf 80' lang='lat' dir='ltr'>auctor</span> <span class='ocrx_word' id='word_1_136' title='bbox 1126 2507 1178 2571; x_wconf 89' lang='lat' dir='ltr'>hic</span> <span class='ocrx_word' id='word_1_137' title='bbox 1201 2508 1280 2572; x_wconf 88' lang='lat' dir='ltr'>satis</span> 
     </span>
     <span class='ocr_line' id='line_1_19' title="bbox 217 2617 1278 2708; baseline -0.002 -17"><span class='ocrx_word' id='word_1_138' title='bbox 217 2647 341 2692; x_wconf 88' lang='lat' dir='ltr'>memor</span> <span class='ocrx_word' id='word_1_139' title='bbox 366 2626 461 2691; x_wconf 83' lang='lat' dir='ltr'>luerit</span> <span class='ocrx_word' id='word_1_140' title='bbox 486 2627 608 2692; x_wconf 77' lang='lat' dir='ltr'>Donati</span> <span class='ocrx_word' id='word_1_141' title='bbox 631 2617 878 2692; x_wconf 79' lang='lat' dir='ltr'>admonitionis:</span> <span class='ocrx_word' id='word_1_142' title='bbox 910 2626 1096 2708; x_wconf 71' lang='lat' dir='ltr'>„disciplina</span> <span class='ocrx_word' id='word_1_143' title='bbox 1113 2628 1160 2690; x_wconf 90' lang='lat' dir='ltr'>est</span> <span class='ocrx_word' id='word_1_144' title='bbox 1177 2626 1278 2689; x_wconf 87' lang='lat' dir='ltr'>comi·</span> 
     </span>
     <span class='ocr_line' id='line_1_20' title="bbox 189 2745 1277 2825; baseline 0 -17"><span class='ocrx_word' id='word_1_145' title='bbox 189 2783 191 2788; x_wconf 94' lang='lat'>·</span> <span class='ocrx_word' id='word_1_146' title='bbox 221 2748 297 2824; x_wconf 60' lang='lat' dir='ltr'>icis,</span> <span class='ocrx_word' id='word_1_147' title='bbox 324 2747 360 2809; x_wconf 91' lang='lat' dir='ltr'>ut</span> <span class='ocrx_word' id='word_1_148' title='bbox 383 2745 499 2810; x_wconf 88' lang='lat' dir='ltr'>stultas</span> <span class='ocrx_word' id='word_1_149' title='bbox 519 2748 712 2825; x_wconf 63' lang='lat' dir='ltr'>sententias¹</span> <span class='ocrx_word' id='word_1_150' title='bbox 730 2747 776 2811; x_wconf 88' lang='lat' dir='ltr'>ita</span> <span class='ocrx_word' id='word_1_151' title='bbox 792 2747 890 2811; x_wconf 88' lang='lat' dir='ltr'>otiam</span> <span class='ocrx_word' id='word_1_152' title='bbox 908 2747 1024 2811; x_wconf 87' lang='lat' dir='ltr'>vitiosa</span> <span class='ocrx_word' id='word_1_153' title='bbox 1040 2745 1140 2809; x_wconf 88' lang='lat' dir='ltr'>verba</span> <span class='ocrx_word' id='word_1_154' title='bbox 1156 2745 1277 2809; x_wconf 86' lang='lat' dir='ltr'>adscri-</span> 
     </span>
     <span class='ocr_line' id='line_1_21' title="bbox 220 2861 1276 2950; baseline 0 -23"><span class='ocrx_word' id='word_1_155' title='bbox 220 2865 314 2928; x_wconf 68' lang='lat' dir='ltr'>„bere</span> <span class='ocrx_word' id='word_1_156' title='bbox 344 2864 486 2928; x_wconf 80' lang='lat' dir='ltr'>ridiculis</span> <span class='ocrx_word' id='word_1_157' title='bbox 509 2865 731 2948; x_wconf 76' lang='lat' dir='ltr'>imperitisque</span> <span class='ocrx_word' id='word_1_158' title='bbox 754 2861 921 2949; x_wconf 87' lang='lat' dir='ltr'>personis&#39;’</span> <span class='ocrx_word' id='word_1_159' title='bbox 950 2863 1111 2950; x_wconf 75' lang='lat' dir='ltr'>(Donatus</span> <span class='ocrx_word' id='word_1_160' title='bbox 1135 2864 1177 2927; x_wconf 89' lang='lat' dir='ltr'>ad</span> <span class='ocrx_word' id='word_1_161' title='bbox 1202 2864 1276 2928; x_wconf 91' lang='lat' dir='ltr'>Ter.</span> 
     </span>
     <span class='ocr_line' id='line_1_22' title="bbox 216 2981 644 3069; baseline 0.002 -22"><span class='ocrx_word' id='word_1_162' title='bbox 216 2982 412 3047; x_wconf 83' lang='lat' dir='ltr'>Eunuchum</span> <span class='ocrx_word' id='word_1_163' title='bbox 436 2983 500 3047; x_wconf 89' lang='lat' dir='ltr'>lll:</span> <span class='ocrx_word' id='word_1_164' title='bbox 518 2984 531 3045; x_wconf 87' lang='lat'>1</span> <span class='ocrx_word' id='word_1_165' title='bbox 550 2981 644 3069; x_wconf 69' lang='lat' dir='ltr'>zur).</span> 
     </span>
    </p>

    <p class='ocr_par' dir='ltr' id='par_1_5' title="bbox 212 3101 1277 3542">
     <span class='ocr_line' id='line_1_23' title="bbox 261 3101 1277 3186; baseline 0.001 -22"><span class='ocrx_word' id='word_1_166' title='bbox 261 3101 415 3165; x_wconf 86' lang='lat' dir='ltr'>Praetera</span> <span class='ocrx_word' id='word_1_167' title='bbox 437 3102 568 3167; x_wconf 80' lang='lat' dir='ltr'>Kistius</span> <span class='ocrx_word' id='word_1_168' title='bbox 591 3103 643 3166; x_wconf 87' lang='lat' dir='ltr'>rix</span> <span class='ocrx_word' id='word_1_169' title='bbox 667 3102 761 3167; x_wconf 92' lang='lat' dir='ltr'>nobis</span> <span class='ocrx_word' id='word_1_170' title='bbox 785 3104 981 3186; x_wconf 87' lang='lat' dir='ltr'>persuadere</span> <span class='ocrx_word' id='word_1_171' title='bbox 1001 3103 1103 3186; x_wconf 89' lang='lat' dir='ltr'>possit</span> <span class='ocrx_word' id='word_1_172' title='bbox 1118 3103 1277 3168; x_wconf 86' lang='lat' dir='ltr'>vocabulo</span> 
     </span>
     <span class='ocr_line' id='line_1_24' title="bbox 213 3219 1275 3305; baseline 0.002 -21"><span class='ocrx_word' id='word_1_173' title='bbox 213 3219 457 3301; x_wconf 55' lang='lat' dir='ltr'>quadruplatore</span> <span class='ocrx_word' id='word_1_174' title='bbox 490 3239 562 3284; x_wconf 87' lang='lat' dir='ltr'>earn</span> <span class='ocrx_word' id='word_1_175' title='bbox 599 3222 665 3285; x_wconf 93' lang='lat' dir='ltr'>vim</span> <span class='ocrx_word' id='word_1_176' title='bbox 692 3241 762 3286; x_wconf 87' lang='lat' dir='ltr'>esse</span> <span class='ocrx_word' id='word_1_177' title='bbox 785 3242 886 3305; x_wconf 89' lang='lat' dir='ltr'>quam</span> <span class='ocrx_word' id='word_1_178' title='bbox 910 3223 939 3286; x_wconf 90' lang='lat' dir='ltr'>ei</span> <span class='ocrx_word' id='word_1_179' title='bbox 962 3221 1085 3287; x_wconf 90' lang='lat' dir='ltr'>tribuit.</span> <span class='ocrx_word' id='word_1_180' title='bbox 1133 3220 1275 3288; x_wconf 79' lang='lat' dir='ltr'>Pseudo·</span> 
     </span>
     <span class='ocr_line' id='line_1_25' title="bbox 212 3323 1276 3427; baseline 0 -24"><span class='ocrx_word' id='word_1_181' title='bbox 212 3323 372 3404; x_wconf 73' lang='lat' dir='ltr'>Asconius</span> <span class='ocrx_word' id='word_1_182' title='bbox 397 3338 452 3425; x_wconf 90' lang='lat' dir='ltr'>(ad</span> <span class='ocrx_word' id='word_1_183' title='bbox 476 3340 562 3404; x_wconf 89' lang='lat' dir='ltr'>divin</span> <span class='ocrx_word' id='word_1_184' title='bbox 598 3341 632 3403; x_wconf 93' lang='lat' dir='ltr'>in</span> <span class='ocrx_word' id='word_1_185' title='bbox 655 3339 748 3404; x_wconf 86' lang='lat' dir='ltr'>Caec.</span> <span class='ocrx_word' id='word_1_186' title='bbox 775 3360 800 3405; x_wconf 90' lang='lat' dir='ltr'>c.</span> <span class='ocrx_word' id='word_1_187' title='bbox 830 3341 876 3427; x_wconf 87' lang='grc'>7.)</span> <span class='ocrx_word' id='word_1_188' title='bbox 901 3341 942 3404; x_wconf 98' lang='lat' dir='ltr'>de</span> <span class='ocrx_word' id='word_1_189' title='bbox 964 3339 1276 3423; x_wconf 84' lang='lat' dir='ltr'>quadruplatoribus</span> 
     </span>
     <span class='ocr_line' id='line_1_26' title="bbox 213 3446 1274 3542; baseline 0.002 -21"><span class='ocrx_word' id='word_1_190' title='bbox 213 3458 274 3522; x_wconf 87' lang='lat' dir='ltr'>hoc</span> <span class='ocrx_word' id='word_1_191' title='bbox 299 3446 392 3522; x_wconf 90' lang='lat' dir='ltr'>dicit:</span> <span class='ocrx_word' id='word_1_192' title='bbox 424 3478 556 3522; x_wconf 71' lang='lat' dir='ltr'>»eorum</span> <span class='ocrx_word' id='word_1_193' title='bbox 580 3477 711 3522; x_wconf 86' lang='lat' dir='ltr'>reorum</span> <span class='ocrx_word' id='word_1_194' title='bbox 735 3461 939 3524; x_wconf 81' lang='lat' dir='ltr'>accusatores</span> <span class='ocrx_word' id='word_1_195' title='bbox 962 3460 1018 3542; x_wconf 94' lang='lat' dir='ltr'>qui</span> <span class='ocrx_word' id='word_1_196' title='bbox 1039 3459 1177 3523; x_wconf 84' lang='lat' dir='ltr'>convicti</span> <span class='ocrx_word' id='word_1_197' title='bbox 1192 3477 1274 3540; x_wconf 87' lang='lat' dir='ltr'>qua·</span> 
     </span>
    </p>

    <p class='ocr_par' dir='ltr' id='par_1_6' title="bbox 181 3573 1272 3661">
     <span class='ocr_line' id='line_1_27' title="bbox 181 3573 1272 3661; baseline 0.002 -22"><span class='ocrx_word' id='word_1_198' title='bbox 181 3645 183 3649; x_wconf 62' lang='grc'>,</span> <span class='ocrx_word' id='word_1_199' title='bbox 215 3576 345 3659; x_wconf 75' lang='lat' dir='ltr'>„drupli</span> <span class='ocrx_word' id='word_1_200' title='bbox 369 3577 518 3642; x_wconf 88' lang='lat' dir='ltr'>damnari</span> <span class='ocrx_word' id='word_1_201' title='bbox 542 3578 662 3656; x_wconf 91' lang='lat' dir='ltr'>solent,</span> <span class='ocrx_word' id='word_1_202' title='bbox 688 3576 777 3642; x_wconf 84' lang='lat' dir='ltr'>velut</span> <span class='ocrx_word' id='word_1_203' title='bbox 789 3573 879 3642; x_wconf 85' lang='lat' dir='ltr'>aleae</span> <span class='ocrx_word' id='word_1_204' title='bbox 903 3581 961 3643; x_wconf 86' lang='lat' dir='ltr'>aut</span> <span class='ocrx_word' id='word_1_205' title='bbox 973 3579 1130 3661; x_wconf 84' lang='lat' dir='ltr'>pecuniae</span> <span class='ocrx_word' id='word_1_206' title='bbox 1148 3579 1272 3659; x_wconf 82' lang='lat' dir='ltr'>gravio·</span> 
     </span>
    </p>

    <p class='ocr_par' dir='ltr' id='par_1_7' title="bbox 149 3696 1273 4259">
     <span class='ocr_line' id='line_1_28' title="bbox 200 3696 1271 3779; baseline 0.002 -22"><span class='ocrx_word' id='word_1_207' title='bbox 200 3696 326 3758; x_wconf 72' lang='lat' dir='ltr'>¹„ribus</span> <span class='ocrx_word' id='word_1_208' title='bbox 361 3698 468 3759; x_wconf 87' lang='lat' dir='ltr'>usuris</span> <span class='ocrx_word' id='word_1_209' title='bbox 503 3696 698 3762; x_wconf 87' lang='lat' dir='ltr'>feneratae.&#39;&#39;</span> <span class='ocrx_word' id='word_1_210' title='bbox 743 3696 833 3760; x_wconf 91' lang='lat' dir='ltr'>Idem</span> <span class='ocrx_word' id='word_1_211' title='bbox 869 3696 946 3761; x_wconf 87' lang='lat' dir='ltr'>dicit</span> <span class='ocrx_word' id='word_1_212' title='bbox 980 3697 1113 3779; x_wconf 91' lang='lat' dir='ltr'>quidem</span> <span class='ocrx_word' id='word_1_213' title='bbox 1137 3696 1271 3770; x_wconf 86' lang='lat' dir='ltr'>alteram</span> 
     </span>
     <span class='ocr_line' id='line_1_29' title="bbox 149 3794 1273 3898; baseline 0.002 -22"><span class='ocrx_word' id='word_1_214' title='bbox 149 3794 152 3799; x_wconf 33' lang='lat'><strong>⁴</strong></span> <span class='ocrx_word' id='word_1_215' title='bbox 212 3832 343 3896; x_wconf 90' lang='lat' dir='ltr'>quoque</span> <span class='ocrx_word' id='word_1_216' title='bbox 367 3815 615 3896; x_wconf 87' lang='lat' dir='ltr'>explicationem</span> <span class='ocrx_word' id='word_1_217' title='bbox 636 3836 722 3896; x_wconf 90' lang='lat' dir='ltr'>esse,</span> <span class='ocrx_word' id='word_1_218' title='bbox 740 3835 778 3880; x_wconf 83' lang='lat' dir='ltr'>ex</span> <span class='ocrx_word' id='word_1_219' title='bbox 795 3835 860 3898; x_wconf 89' lang='lat' dir='ltr'>qua</span> <span class='ocrx_word' id='word_1_220' title='bbox 877 3815 1148 3897; x_wconf 90' lang='lat' dir='ltr'>quadruplatores</span> <span class='ocrx_word' id='word_1_221' title='bbox 1166 3816 1273 3879; x_wconf 89' lang='lat' dir='ltr'>essent</span> 
     </span>
     <span class='ocr_line' id='line_1_30' title="bbox 212 3932 1272 4017; baseline 0 -21"><span class='ocrx_word' id='word_1_222' title='bbox 212 3933 371 3997; x_wconf 90' lang='lat' dir='ltr'>delatores</span> <span class='ocrx_word' id='word_1_223' title='bbox 407 3935 463 4015; x_wconf 90' lang='lat' dir='ltr'>qui</span> <span class='ocrx_word' id='word_1_224' title='bbox 498 3937 649 4017; x_wconf 87' lang='lat' dir='ltr'>quartam</span> <span class='ocrx_word' id='word_1_225' title='bbox 684 3937 812 4017; x_wconf 91' lang='lat' dir='ltr'>partem</span> <span class='ocrx_word' id='word_1_226' title='bbox 848 3934 895 3997; x_wconf 91' lang='lat' dir='ltr'>rei</span> <span class='ocrx_word' id='word_1_227' title='bbox 929 3932 1094 3997; x_wconf 81' lang='lat' dir='ltr'>familiaris</span> <span class='ocrx_word' id='word_1_228' title='bbox 1125 3932 1272 3997; x_wconf 88' lang='lat' dir='ltr'>damnati</span> 
     </span>
     <span class='ocr_line' id='line_1_31' title="bbox 212 4047 1270 4133; baseline 0.009 -26"><span class='ocrx_word' id='word_1_229' title='bbox 212 4047 470 4126; x_wconf 89' lang='lat' dir='ltr'>assequerentur.</span> <span class='ocrx_word' id='word_1_230' title='bbox 507 4048 627 4112; x_wconf 88' lang='lat' dir='ltr'>Verum</span> <span class='ocrx_word' id='word_1_231' title='bbox 650 4051 731 4131; x_wconf 91' lang='lat' dir='ltr'>puto</span> <span class='ocrx_word' id='word_1_232' title='bbox 756 4051 854 4116; x_wconf 87' lang='lat' dir='ltr'>talem</span> <span class='ocrx_word' id='word_1_233' title='bbox 874 4052 1141 4133; x_wconf 84' lang='lat' dir='ltr'>significationem</span> <span class='ocrx_word' id='word_1_234' title='bbox 1157 4053 1270 4116; x_wconf 85' lang='lat' dir='ltr'>contra</span> 
     </span>
     <span class='ocr_line' id='line_1_32' title="bbox 212 4163 1270 4259; baseline 0.009 -34"><span class='ocrx_word' id='word_1_235' title='bbox 212 4163 361 4228; x_wconf 84' lang='lat' dir='ltr'>vocabuli</span> <span class='ocrx_word' id='word_1_236' title='bbox 397 4168 549 4231; x_wconf 86' lang='lat' dir='ltr'>naturam</span> <span class='ocrx_word' id='word_1_237' title='bbox 586 4186 750 4259; x_wconf 72' lang='lat' dir='ltr'>pugnare:</span> <span class='ocrx_word' id='word_1_238' title='bbox 789 4172 845 4234; x_wconf 89' lang='lat' dir='ltr'>tali</span> <span class='ocrx_word' id='word_1_239' title='bbox 881 4170 1018 4235; x_wconf 82' lang='lat' dir='ltr'>delatori</span> <span class='ocrx_word' id='word_1_240' title='bbox 1049 4189 1114 4234; x_wconf 89' lang='lat' dir='ltr'>non</span> <span class='ocrx_word' id='word_1_241' title='bbox 1150 4190 1270 4235; x_wconf 90' lang='lat' dir='ltr'>nomen</span> 
     </span>
    </p>
   </div>
   <div class='ocr_carea' id='block_1_3' title="bbox 0 0 1528 4966">
    <p class='ocr_par' dir='ltr' id='par_1_8' title="bbox 0 0 1528 4966">
     <span class='ocr_line' id='line_1_33' title="bbox 0 0 1528 4966; baseline 0 5"><span class='ocrx_word' id='word_1_242' title='bbox 0 0 1528 4966; x_wconf 95' lang='lat' dir='ltr'> </span> 
     </span>
    </p>
   </div>
  </div>
 </body>
</html>
