3046 4966
738 543 778 603 32

252 731 301 795 'Si
336 731 417 795 haec
451 732 612 813 scriptura
635 730 830 795 stabilienda
854 731 919 809 est,
947 730 1104 794 eiusmodi
1129 731 1290 795 sententia

220 850 261 914 sit
298 861 380 930 opus
404 851 469 913 est:
496 849 627 938 ¹„Nihilo
651 849 755 930 magis
781 868 839 929 ego
864 848 1060 913 beneficium
1085 849 1207 932 accipio
1233 868 1292 913 cur

221 968 299 1031 mihi
335 969 376 1032 sit
413 969 588 1032 tacendum
624 987 724 1051 quam
749 965 816 1032 tu.'’
865 968 902 1031 ln
927 969 1094 1050 superiore
1122 987 1217 1031 versu
1245 968 1292 1031 vis

221 1089 328 1170 potior
352 1089 401 1152 est
424 1087 458 1151 in
481 1087 692 1168 referundae;
720 1087 825 1151 habeo
849 1086 996 1168 linguam
1021 1088 1062 1151 ad
1086 1087 1291 1169 referundam

221 1209 350 1271 tantum
379 1207 519 1288 gratiam
543 1208 673 1288 aptam,
689 1206 822 1269 ⁴nemini
847 1206 1009 1286 benignus
1034 1225 1123 1284 sum,
1150 1206 1210 1269 nisi
1236 1206 1293 1289 qni

222 1329 312 1410 prius
336 1327 414 1390 mihi
439 1329 569 1407 gratum
593 1324 674 1389 fecit.
703 1325 738 1388 V.
765 1325 833 1388 430
848 1325 1030 1389 sententia:
1045 1302 1107 1388 nisi
1119 1326 1188 1390 sine
1200 1326 1291 1389 metu

223 1446 394 1537 obloquor,
407 1445 510 1509 deerit
523 1445 601 1509 mihi
615 1444 702 1508 unde
714 1443 830 1507 vivam.
858 1443 990 1509 dimices
1003 1444 1181 1508 doctiorem
1194 1462 1294 1526 quam

224 1565 393 1629 clariorem
417 1552 599 1629 versionem
623 1563 712 1628 dedit
728 1561 753 1648 ¹)
790 1561 878 1626 Nihil
902 1568 1031 1628 mutare
1044 1564 1159 1642 audeo,
1175 1563 1244 1642 etsi,
1259 1564 1296 1627 ut

224 1704 298 1748 mea
320 1685 453 1766 quidem
481 1683 543 1747 fert
566 1683 691 1764 opinio,
710 1682 873 1746 sententia
890 1682 996 1748 multo
1010 1655 1186 1765 simplicior
1200 1682 1295 1765 liqui·

225 1805 360 1887 diorque
384 1804 467 1867 foret
478 1802 505 1866 si
521 1801 595 1866 libri
611 1821 670 1883 pro
686 1800 764 1864 milei
781 1801 993 1883 praeberent:
1019 1803 1047 1866 ei
1061 1803 1116 1884 (sc.
1130 1780 1288 1887 linguae).
1317 1875 1319 1879 y

226 1924 313 1988 Tum
349 1923 429 1986 haec
469 1920 631 1985 sententia
667 1921 767 1984 esset:
805 1920 950 2001 linguam
986 1940 1094 1985 meam
1118 1921 1201 1984 servi
1225 1920 1296 1985 loco

227 2042 350 2120 haheo,
387 2043 424 2105 ut
459 2042 495 2105 tu
527 2056 639 2103 servus
676 2059 710 2102 es
746 2040 816 2104 heri
852 2040 917 2116 tui;
944 2058 1002 2119 ego
1030 2041 1141 2104 autem
1164 2038 1297 2120 linguae

227 2180 319 2224 meae
354 2160 455 2223 salem
492 2179 559 2223 non
586 2158 743 2242 praebe0‚
772 2160 834 2230 nisi
859 2158 938 2223 mihi
966 2158 1102 2237 serviat,
1130 2177 1232 2240 aeque
1258 2176 1297 2221 ac

173 2359 176 2364 Ι
229 2283 305 2344 tuus
328 2280 426 2343 herus
446 2280 503 2343 tibi
527 2280 719 2343 salemnon
746 2279 880 2360 praebet
904 2279 965 2343 nisi
990 2278 1069 2341 hero
1088 2278 1145 2341 tuo
1163 2278 1294 2342 serviae.

277 2518 340 2581 441
388 2516 579 2600 (3ι3ῑ36)
627 2535 697 2598 sqq.
735 2518 845 2581 Metuo
880 2537 922 2580 ne
958 2520 1151 2600 posteriores
1188 2538 1317 2585 versus

135 2722 139 2729 ι
228 2637 326 2700 huius
360 2654 476 2700 scenae
513 2634 721 2699 vehementer
757 2635 881 2700 turbati
913 2637 986 2703 sint.
1032 2639 1109 2736 ¹Vir
1146 2639 1299 2721 expedias

230 2775 295 2839 quo
330 2757 427 2820 modo
463 2754 599 2819 Toxilus
638 2754 744 2818 dicere
781 2752 883 2838 possit
922 2755 1075 2821 „fortasse
1111 2758 1230 2821 metuis
1265 2757 1298 2821 in

229 2893 366 2940 manum
400 2873 640 2941 concredere'a
673 2875 707 2938 Si
730 2873 910 2955 Dordalus,
937 2876 1034 2940 etiam
1059 2878 1133 2958 post
1156 2876 1298 2940 solutam

229 2996 419 3076 pecuniam,
469 2994 577 3058 denuo
625 2995 778 3089 gravatur
817 2994 1011 3076 dubitatque
1043 3014 1124 3059 num
1160 2997 1298 3078 pecunia

229 3113 334 3196 proba
369 3114 430 3192 sit,
467 3112 647 3177 secundum
683 3114 836 3177 naturam
860 3132 970 3177 rerum
995 3113 1078 3178 foret
1102 3116 1138 3179 ut
1163 3115 1299 3179 Toxilus

230 3236 288 3296 aut
312 3233 419 3296 denuo
444 3231 472 3295 ei
497 3232 638 3296 convitia
663 3231 822 3312 ingereret
846 3233 904 3297 aut
929 3233 1031 3297 tribus
1056 3234 1162 3298 verbis
1175 3234 1202 3297 ei
1213 3233 1299 3297 hanc

228 3350 477 3415 sollicitudinem
512 3350 643 3413 demere
678 3351 860 3415 conaretur.
918 3352 1003 3416 Puto
1040 3352 1127 3416 hunc
1167 3371 1297 3416 versum

229 3469 380 3534 alicunde
415 3469 481 3533 huc
510 3469 698 3551 migravisse
733 3471 790 3534 aut
815 3489 835 3534 a
860 3471 968 3535 nescio
993 3490 1059 3554 quo
1083 3470 1299 3536 fabrefactum

230 3607 300 3652 esse
334 3589 370 3653 ut
392 3587 501 3652 locum
524 3591 694 3672 praeberet
719 3591 848 3655 duobus
872 3592 1046 3674 proxime,
1072 3591 1139 3655 lle
1169 3592 1200 3655 et
1224 3590 1292 3655 443

267 3815 285 3878 ¹)
306 3815 415 3867 liniare.
431 3814 484 3869 Les
502 3832 614 3872 oeuvres
632 3817 664 3871 de
684 3816 779 3871 Plaute
796 3816 1118 3885 eulatinetcnfranpois,
1129 3814 1296 3868 Amsterdam

231 3909 308 3966 1719.
330 3910 395 3976 Vll:
417 3911 477 3985 352.
500 3911 546 3967 ale
565 3913 605 3967 vis
622 3932 656 3969 au
676 3913 759 3968 meme
779 3914 837 3985 prix
856 3932 907 3985 que
926 3914 973 3978 toi,
992 3916 1058 3968 c'est
1073 3909 1298 3976 ednadememe

231 4023 283 4076 que
300 4011 331 4062 tu
350 4025 405 4062 s'ers
422 4013 467 4063 ton
487 4009 581 4063 mailro
598 4027 665 4081 pour
684 4009 764 4075 vivre,
780 4009 808 4080 je
826 4028 881 4064 sere
900 4009 971 4063 aussi
990 4015 1052 4064 tous
1062 4026 1128 4063 ceux
1138 4009 1184 4080 qui
1194 4007 1301 4061 veulent

233 4104 421 4174 aem'emploier,
447 4109 473 4159 et
497 4123 539 4159 ma
556 4105 652 4176 langue
670 4123 698 4159 se
714 4106 789 4177 prdie
807 4123 842 4161 ou
860 4105 875 4159 ὲ
892 4104 918 4159 la
935 4105 1037 4159 flaterie
1057 4123 1091 4158 ou
1112 4123 1162 4158 aux
1181 4103 1299 4175 iujures,

232 4197 305 4252 selon
324 4198 348 4253 le
366 4200 445 4270 profit
462 4201 508 4272 qui
527 4204 595 4256 m’en
615 4207 679 4272 peut
698 4201 829 4257 revenir'‘.
