3046 4966
783 545 802 605 8

307 735 351 798 Ut
380 753 453 798 mea
477 735 609 816 quidem
634 736 742 818 opinio
768 735 838 811 fert,
864 752 966 798 nexus
990 734 1131 798 multum
1155 733 1325 815 proficeret

261 853 287 916 si
321 854 425 927 totum
451 871 579 917 versum
603 853 647 918 45
673 853 860 918 delevimus,
897 852 969 917 Hoc
992 857 1124 917 meumst
1146 857 1182 916 ot
1203 852 1325 932 focium

260 969 376 1047 sedulo,
417 973 520 1036 multo
560 973 676 1037 melius
711 991 840 1036 versum
875 972 920 1036 44
955 990 1055 1053 quarn
1090 971 1146 1057 45·
1167 970 1323 1051 sequitur.

261 1091 345 1171 Ergo
370 1111 436 1156 uuo
461 1093 571 1155 tenore
596 1092 757 1172 legamus:
1165 1066 1167 1071 ¹

308 1211 387 1274 Tox.
438 1209 605 1287 Quaesivi:
659 1228 821 1291 nusquam
869 1209 1003 1291 repperi.
1051 1208 1120 1271 Sue.
1161 1207 1325 1285 Quaeram

861 1326 1023 1408 equidem,
1048 1325 1074 1388 si
1098 1326 1171 1407 quis
1196 1327 1323 1389 cre‘dat:

310 1446 379 1511 Hoc
416 1448 558 1510 meumst
600 1448 636 1510 ut
669 1444 786 1511 faciam
811 1445 932 1509 se'dulo.
952 1445 1031 1508 >Sne
1069 1444 1230 1526 Quicquid
1255 1445 1324 1520 erit,

1001 1563 1115 1644 recipe
1141 1564 1172 1627 te
1196 1564 1238 1628 dd
1261 1583 1324 1627 me.

216 1845 218 1849 2
308 1802 360 1866 51.
410 1801 626 1865 Vehementer
661 1802 815 1866 dubitans
849 1821 930 1866 num
962 1802 1068 1867 ultimi
1092 1821 1204 1866 versus
1228 1801 1324 1865 huius

261 1939 378 1985 scenae
401 1920 519 2000 integri
543 1920 625 1995 sint,
651 1920 750 1984 verba
775 1909 898 2004 utique*
911 1940 983 1985 coco
998 1922 1084 2003 suos
1105 1921 1150 1984 mi
1168 1921 1203 1984 io
1230 1941 1324 2001 quoc-

259 2039 358 2104 stione
381 2028 610 2119 Sagaristio'ui,
636 2059 703 2103 non
728 2041 844 2108 Toxilo
869 2041 911 2105 do
936 2037 972 2125 1).
989 2037 1038 2104 cf.
1052 2038 1125 2103 Cas.
1142 2040 1182 2103 3:
1201 2040 1240 2102 1:
1259 2040 1321 2102 16:

200 2138 204 2146 ’
261 2155 325 2219 Sed
349 2156 385 2219 tu
413 2174 490 2218 cave
514 2155 715 2237 inquisitioni
739 2157 819 2220 mihi
835 2157 886 2220 sis.
914 2159 972 2222 Au.
999 2177 1102 2240 usque
1115 2158 1214 2222 adero
1227 2158 1321 2221 domi.

227 2300 230 2308 ·
261 2271 355 2355 Capt.
393 2273 459 2336 250
496 2270 661 2358 (iztni)
697 2275 748 2338 Tu
783 2274 910 2357 Edepol
931 2276 989 2340 tibi
1012 2295 1054 2340 ne
1078 2277 1111 2339 in
1135 2276 1326 2358 quaestione

262 2411 402 2456 essemus
437 2394 572 2456 cautum
606 2391 767 2473 intellege.
805 2393 922 2458 Pseud.
958 2395 1024 2459 663
1061 2393 1247 2476 (Μτὸὃ)
1270 2395 1329 2459 Set

260 2510 333 2574 vide
367 2510 410 2573 sis
446 2529 487 2573 ne
522 2511 555 2574 in
591 2511 783 2593 quaestione
818 2512 861 2574 sis
884 2513 1017 2594 quando
1042 2531 1204 2576 arcessam
1234 2513 1324 2576 mihi.

259 2625 368 2692 Cistell
394 2627 412 2689 i
429 2650 436 2691 :
452 2628 472 2691 3
487 2651 493 2692 :
508 2629 574 2694 48:
602 2629 677 2692 iube
705 2630 793 2693 dorni
818 2631 1011 2713 opperirier,
1028 2650 1069 2694 ne
1086 2631 1119 2694 in
1136 2632 1326 2713 quaestione

153 2732 157 2739 ¹
259 2746 339 2809 mihi
369 2747 430 2823 sit,
470 2748 497 2810 si
538 2748 616 2829 quid
654 2766 730 2811 eum
755 2747 859 2812 velim.
885 2749 1021 2832 Semper
1044 2750 1077 2813 in
1104 2750 1247 2831 aliquem
1271 2751 1326 2831 qui

259 2863 346 2928 domi
371 2861 449 2928 suae
476 2864 525 2928 vel
551 2865 672 2947 alioqui
696 2886 830 2930 manere
856 2868 888 2931 et
911 2869 1052 2951 opperiri
1080 2867 1184 2932 debet.

306 3101 358 3164 52.
386 3101 495 3184 Usque
521 3121 576 3166 ero
604 3101 691 3166 domi
716 3103 796 3167 dum
822 3122 979 3168 excoxero
1003 3104 1112 3168 lenoni
1137 3091 1271 3168 malum.

260 3219 472 3302 Perspicuum
519 3223 568 3301 est
613 3221 701 3284 hunc
749 3241 878 3286 versum
923 3223 955 3285 ln
984 3221 1061 3296 line
1112 3223 1324 3304 depravatum

261 3357 346 3403 esse:
384 3340 544 3404 nonnulla
568 3340 746 3406 exciderint
774 3360 905 3406 necesse
930 3343 994 3420 est,
1020 3360 1106 3423 quae
1131 3343 1176 3406 sic
1200 3341 1326 3422 explere
1421 3341 1428 3355 ‘

261 3457 381 3521 velim:

307 3560 416 3659 Usque
441 3581 497 3640 e'ro
522 3576 611 3641 domi
628 3578 708 3642 dum
721 3583 878 3642 excdxero
891 3578 1000 3643 lendni
1014 3580 1137 3643 malum
1150 3583 1323 3642 meracum.

263 3695 439 3762 Ritchoto'os
468 3697 625 3780 explevit:

307 3814 417 3897 Usque
453 3835 508 3880 ero
545 3816 633 3880 domi
668 3817 747 3881 dum
784 3835 943 3882 excoxero
978 3817 1088 3882 lenoni
1111 3818 1232 3883 malam
1259 3839 1328 3882 rem

1159 3922 1326 4031 maguam.
1383 3954 1386 3959 ·

300 4183 316 4244 't
338 4182 451 4238 Ritschl.
470 4187 556 4238 totum
576 4201 681 4239 versum
699 4182 795 4239 Toxilo
814 4183 917 4239 tribuit.
