3046 4966
687 563 730 628 63

184 754 366 819 conducere
397 755 429 818 et
461 755 706 838 quodammodo
738 756 780 819 ad
812 755 937 820 nodum
959 755 1155 820 solvendum
1178 776 1250 839 per-

185 873 342 940 tinere-
406 873 485 938 Vide
518 877 686 958 praeterea
726 875 882 940 iudicium
922 875 1083 940 Mdewici
1122 877 1162 940 de
1202 878 1252 942 his

183 993 312 1058 duabus
337 994 454 1059 Persae
467 994 572 1058 scenis
589 991 624 1080 ¹).
647 993 770 1059 Eadem
792 993 857 1058 lere
882 993 971 1058 dicta
992 992 1089 1057 velim
1102 996 1142 1059 de
1153 1014 1252 1061 scena

182 1113 219 1177 4⁸
243 1114 341 1178 huius
365 1114 479 1178 actus:
505 1113 741 1177 eiusdemmodi
754 1114 851 1176 inane
864 1113 1079 1197 colloquium,
1090 1115 1252 1179 eiusdem-

183 1232 271 1295 modi
295 1232 480 1312 argumenti
509 1232 703 1314 penuria--

227 1468 275 1532 ll:
291 1470 319 1533 3.
371 1467 497 1533 Gaudio
520 1467 686 1533 exsultans
711 1468 888 1548 Sagaristio
913 1471 1151 1552 spectatoribus
1170 1491 1205 1536 se
1217 1473 1251 1536 in

179 1587 391 1670 conspectum
427 1588 509 1651 dans
544 1587 697 1651 omnibus
733 1586 794 1650 diis
818 1588 940 1668 gratias
964 1589 1031 1671 agit
1054 1590 1087 1654 11
1109 1589 1252 1655 laetatur

180 1709 339 1789 tanquam
377 1725 544 1770 summum
582 1706 706 1770 bonum
735 1708 904 1772 assecutus
928 1708 979 1772 sit.
1005 1707 1114 1773 Causa
1141 1710 1250 1774 autem

181 1826 277 1890 huius
317 1826 458 1890 laetitiae
498 1826 531 1889 in
564 1824 677 1889 fabula
714 1826 826 1889 nostra
866 1845 932 1890 non
961 1830 1132 1910 tantopere
1159 1848 1194 1892 se
1216 1830 1250 1892 in

179 1964 277 2009 auras
309 1943 436 2019 attollit,
474 1962 586 2007 verum
615 1943 718 2024 magis
744 1962 803 2025 per
830 1944 970 2008 humum
993 1945 1094 2027 repit:
1122 1947 1251 2010 tantum

179 2064 353 2146 pecuniam
389 2063 528 2145 adeptus
571 2064 629 2142 est,
664 2080 768 2143 quam
803 2063 909 2126 amico
945 2082 1006 2127 suo
1045 2063 1160 2129 Toxilo
1184 2064 1250 2129 det.

180 2183 347 2247 insolitam
371 2183 548 2247 amicitiam
572 2180 737 2263 fidemque
766 2182 850 2245 inter·
878 2183 1004 2245 servos!

227 2418 431 2506 11111171).
469 2419 682 2501 Sagaristioni
715 2419 749 2482 in
780 2437 876 2483 scena
908 2420 1049 2486 versanti
1072 2420 1203 2485 obviam
1226 2421 1251 2485 it

180 2539 378 2621 Paegnium,
412 2540 469 2622 qui
493 2539 521 2603 ei
550 2538 687 2619 roganti,
714 2537 771 2601 ubi
794 2537 944 2614 Toxilus,
971 2538 1070 2603 herus
1095 2539 1164 2602 eius
1188 2539 1245 2614 sit,

180 2660 378 2743 respondere
400 2659 556 2735 nervuli,
583 2677 649 2741 quo
672 2656 758 2722 facto
771 2656 854 2722 alter
865 2657 958 2722 alteri
969 2658 1111 2722 convitia
1122 2658 1249 2738 ingerit.

180 2777 227 2842 De
251 2779 313 2843 hac
335 2797 432 2842 scena
455 2777 528 2842 vide
552 2796 639 2858 quae
661 2795 761 2859 supra
785 2776 871 2840 dicta
891 2777 1012 2841 suntin
1024 2777 1072 2841 II:
1092 2778 1105 2840 1
1123 2779 1156 2841 11
1170 2778 1250 2841 1.-

226 3016 310 3079 11:5
337 3011 447 3101 (301).
472 3014 607 3078 Toxilus
631 3012 927 3096 Sophoclidiscam‚
947 3034 1034 3098 quae
1049 3015 1078 3078 ei
1095 3015 1248 3079 nuntium

180 3133 412 3198 Lemniselenis
451 3132 579 3211 attulit,
613 3131 727 3196 iisdem
750 3131 817 3196 fere
841 3133 948 3198 verbis
973 3133 1105 3198 dimittit
1128 3133 1249 3216 quibus

184 3253 341 3317 1:3:85
366 3250 462 3336 (165)
485 3272 520 3316 se
545 3270 684 3335 puerum
708 3270 806 3316 suum
830 3252 1010 3334 Paegnium
1039 3253 1250 3316 dimissurum

181 3391 250 3436 esse
286 3371 383 3436 dixit:
420 3372 448 3435 ei
471 3371 608 3436 mandat
632 3371 669 3434 ut
693 3369 783 3434 illam
807 3370 931 3435 bonum
956 3372 1104 3436 animum
1129 3371 1249 3435 habere

180 3489 300 3565 iubeat,
326 3508 402 3553 cum
426 3490 491 3554 iam
510 3491 663 3572 paratum
680 3489 722 3553 sit
733 3488 820 3553 unde
835 3491 1007 3570 argentum
1024 3490 1065 3554 sii
1081 3489 1246 3553 futurum:

180 3628 248 3692 qua
272 3609 404 3672 dimissa
421 3608 673 3689 Sagaristionem
692 3608 852 3689 conspicit
867 3609 899 3672 11
914 3608 1115 3692 colloquium
1136 3626 1250 3671 eorum

179 3727 300 3810 incipit.
350 3723 502 3802 Quamvis
538 3727 734 3792 iocosissime
766 3729 847 3792 haec
883 3746 981 3792 scena
1004 3727 1125 3809 scripta
1149 3725 1249 3791 Plau-

181 3849 281 3930 toque
314 3846 503 3928 dignissima
537 3847 596 3925 sit,
632 3849 743 3912 tamen
779 3848 815 3912 in
846 3846 958 3910 nostro
982 3845 1135 3909 contextu
1160 3842 1249 3907 aliud

180 3966 338 4049 quiddam
374 3947 685 4048 exspectaveramus.
736 3967 917 4050 Postquam
952 3965 1040 4028 enim
1076 3964 1144 4045 ipse
1169 3962 1249 4026 dixit

218 4124 236 4184 ¹)
253 4121 458 4177 Ladewicus
484 4121 530 4175 11.
558 4138 601 4193 pg.
619 4121 672 4179 476
690 4120 807 4194 appellat
825 4119 873 4175 lI:
893 4121 908 4175 i
926 4116 1248 4188 11111111111111111311

181 4217 287 4272 11111111
303 4217 507 4288 unglncklichen
523 4217 653 4272 Scenen.’'
