<?xml version="1.0" encoding="UTF-8"?>
<!DOCTYPE html PUBLIC "-//W3C//DTD XHTML 1.0 Transitional//EN"
    "http://www.w3.org/TR/xhtml1/DTD/xhtml1-transitional.dtd">
<html xmlns="http://www.w3.org/1999/xhtml" xml:lang="en" lang="en">
 <head>
  <title>
</title>
<meta http-equiv="Content-Type" content="text/html;charset=utf-8" />
  <meta name='ocr-system' content='tesseract 3.04.00' />
  <meta name='ocr-capabilities' content='ocr_page ocr_carea ocr_par ocr_line ocrx_word'/>
</head>
<body>
  <div class='ocr_page' id='page_1' title='image "./dissertatiolitt00ijsegoog_0068.png"; bbox 0 0 3046 4966; ppageno 0'>
   <div class='ocr_carea' id='block_1_1' title="bbox 735 555 778 618">
    <p class='ocr_par' dir='ltr' id='par_1_1' title="bbox 735 555 778 618">
     <span class='ocr_line' id='line_1_1' title="bbox 735 555 778 618; baseline 0 0"><span class='ocrx_word' id='word_1_1' title='bbox 735 555 778 618; x_wconf 83' lang='lat'>55</span> 
     </span>
    </p>
   </div>
   <div class='ocr_carea' id='block_1_2' title="bbox 223 746 1294 2976">
    <p class='ocr_par' dir='ltr' id='par_1_2' title="bbox 223 746 1293 1903">
     <span class='ocr_line' id='line_1_2' title="bbox 223 746 1292 832; baseline 0 -22"><span class='ocrx_word' id='word_1_2' title='bbox 223 747 375 824; x_wconf 88' lang='lat' dir='ltr'>conatur,</span> <span class='ocrx_word' id='word_1_3' title='bbox 396 747 454 811; x_wconf 89' lang='lat' dir='ltr'>sed</span> <span class='ocrx_word' id='word_1_4' title='bbox 466 746 582 811; x_wconf 94' lang='lat' dir='ltr'>dubito</span> <span class='ocrx_word' id='word_1_5' title='bbox 595 766 638 811; x_wconf 88' lang='lat' dir='ltr'>an</span> <span class='ocrx_word' id='word_1_6' title='bbox 651 747 760 811; x_wconf 90' lang='lat' dir='ltr'>minus</span> <span class='ocrx_word' id='word_1_7' title='bbox 773 747 868 811; x_wconf 88' lang='lat' dir='ltr'>recte.</span> <span class='ocrx_word' id='word_1_8' title='bbox 890 746 1051 832; x_wconf 84' lang='lat' dir='ltr'>Equidem</span> <span class='ocrx_word' id='word_1_9' title='bbox 1064 748 1180 830; x_wconf 87' lang='lat' dir='ltr'>opinor</span> <span class='ocrx_word' id='word_1_10' title='bbox 1193 747 1292 812; x_wconf 89' lang='lat' dir='ltr'>talem</span> 
     </span>
     <span class='ocr_line' id='line_1_3' title="bbox 223 865 1292 948; baseline 0.001 -18"><span class='ocrx_word' id='word_1_11' title='bbox 223 867 408 948; x_wconf 82' lang='lat' dir='ltr'>pactionem</span> <span class='ocrx_word' id='word_1_12' title='bbox 443 866 495 929; x_wconf 87' lang='lat' dir='ltr'>vix</span> <span class='ocrx_word' id='word_1_13' title='bbox 532 865 637 930; x_wconf 89' lang='lat' dir='ltr'>omitti</span> <span class='ocrx_word' id='word_1_14' title='bbox 669 884 771 948; x_wconf 90' lang='lat' dir='ltr'>posse.</span> <span class='ocrx_word' id='word_1_15' title='bbox 822 865 956 930; x_wconf 90' lang='lat' dir='ltr'>Toxilus</span> <span class='ocrx_word' id='word_1_16' title='bbox 977 865 1118 930; x_wconf 89' lang='lat' dir='ltr'>amioum</span> <span class='ocrx_word' id='word_1_17' title='bbox 1143 885 1292 931; x_wconf 87' lang='lat' dir='ltr'>remone-</span> 
     </span>
     <span class='ocr_line' id='line_1_4' title="bbox 225 984 1291 1067; baseline 0.001 -19"><span class='ocrx_word' id='word_1_18' title='bbox 225 985 289 1049; x_wconf 89' lang='lat' dir='ltr'>rari</span> <span class='ocrx_word' id='word_1_19' title='bbox 313 985 447 1066; x_wconf 90' lang='lat' dir='ltr'>cupiens</span> <span class='ocrx_word' id='word_1_20' title='bbox 470 985 503 1048; x_wconf 90' lang='lat' dir='ltr'>in</span> <span class='ocrx_word' id='word_1_21' title='bbox 528 985 697 1067; x_wconf 88' lang='lat' dir='ltr'>potatione</span> <span class='ocrx_word' id='word_1_22' title='bbox 710 984 802 1048; x_wconf 91' lang='lat' dir='ltr'>dicit:</span> <span class='ocrx_word' id='word_1_23' title='bbox 832 985 905 1049; x_wconf 73' lang='lat' dir='ltr'>„Tu</span> <span class='ocrx_word' id='word_1_24' title='bbox 921 984 1117 1065; x_wconf 74' lang='lat' dir='ltr'><strong>Sagaristio,</strong></span> <span class='ocrx_word' id='word_1_25' title='bbox 1136 985 1291 1049; x_wconf 81' lang='lat' dir='ltr'>accumbe</span> 
     </span>
     <span class='ocr_line' id='line_1_5' title="bbox 223 1101 1291 1187; baseline -0.001 -20"><span class='ocrx_word' id='word_1_26' title='bbox 223 1106 256 1168; x_wconf 91' lang='lat' dir='ltr'>in</span> <span class='ocrx_word' id='word_1_27' title='bbox 281 1101 443 1168; x_wconf 87' lang='lat' dir='ltr'>summo.&#39;’</span> <span class='ocrx_word' id='word_1_28' title='bbox 489 1105 709 1186; x_wconf 81' lang='lat' dir='ltr'>Sagaristione</span> <span class='ocrx_word' id='word_1_29' title='bbox 733 1106 845 1169; x_wconf 89' lang='lat' dir='ltr'>autem</span> <span class='ocrx_word' id='word_1_30' title='bbox 870 1105 1105 1187; x_wconf 81' lang='lat' dir='ltr'>respondente:</span> <span class='ocrx_word' id='word_1_31' title='bbox 1138 1103 1223 1184; x_wconf 70' lang='lat' dir='ltr'>„Ego</span> <span class='ocrx_word' id='word_1_32' title='bbox 1248 1104 1291 1167; x_wconf 92' lang='lat' dir='ltr'>nil</span> 
     </span>
     <span class='ocr_line' id='line_1_6' title="bbox 223 1209 1292 1309; baseline -0.002 -20"><span class='ocrx_word' id='word_1_33' title='bbox 223 1244 334 1289; x_wconf 86' lang='lat' dir='ltr'>moror</span> <span class='ocrx_word' id='word_1_34' title='bbox 370 1223 427 1305; x_wconf 79' lang='lat' dir='ltr'>(sc.</span> <span class='ocrx_word' id='word_1_35' title='bbox 466 1225 499 1289; x_wconf 92' lang='lat' dir='ltr'>in</span> <span class='ocrx_word' id='word_1_36' title='bbox 533 1243 663 1288; x_wconf 90' lang='lat' dir='ltr'>summo</span> <span class='ocrx_word' id='word_1_37' title='bbox 698 1222 924 1309; x_wconf 86' lang='lat' dir='ltr'>accumbere),</span> <span class='ocrx_word' id='word_1_38' title='bbox 953 1209 1032 1288; x_wconf 84' lang='lat' dir='ltr'>cedo</span> <span class='ocrx_word' id='word_1_39' title='bbox 1057 1243 1170 1306; x_wconf 88' lang='lat' dir='ltr'>parem</span> <span class='ocrx_word' id='word_1_40' title='bbox 1193 1243 1292 1306; x_wconf 88' lang='lat' dir='ltr'>quem</span> 
     </span>
     <span class='ocr_line' id='line_1_7' title="bbox 223 1341 1291 1427; baseline -0.002 -19"><span class='ocrx_word' id='word_1_41' title='bbox 223 1341 361 1427; x_wconf 77' lang='lat' dir='ltr'>pepigi&#39;,</span> <span class='ocrx_word' id='word_1_42' title='bbox 398 1344 596 1425; x_wconf 71' lang='lat' dir='ltr'>spectatores</span> <span class='ocrx_word' id='word_1_43' title='bbox 623 1343 783 1410; x_wconf 91' lang='lat' dir='ltr'>nonnulla</span> <span class='ocrx_word' id='word_1_44' title='bbox 806 1343 991 1410; x_wconf 87' lang='lat' dir='ltr'>audiverint</span> <span class='ocrx_word' id='word_1_45' title='bbox 1016 1343 1057 1406; x_wconf 92' lang='lat' dir='ltr'>de</span> <span class='ocrx_word' id='word_1_46' title='bbox 1080 1343 1189 1425; x_wconf 85' lang='lat' dir='ltr'>aliqua</span> <span class='ocrx_word' id='word_1_47' title='bbox 1214 1361 1291 1424; x_wconf 87' lang='lat' dir='ltr'>pac·</span> 
     </span>
     <span class='ocr_line' id='line_1_8' title="bbox 224 1462 1292 1545; baseline -0.004 -17"><span class='ocrx_word' id='word_1_48' title='bbox 224 1463 312 1529; x_wconf 90' lang='lat' dir='ltr'>tione</span> <span class='ocrx_word' id='word_1_49' title='bbox 346 1483 429 1545; x_wconf 93' lang='lat' dir='ltr'>opus</span> <span class='ocrx_word' id='word_1_50' title='bbox 465 1464 521 1540; x_wconf 88' lang='lat' dir='ltr'>est,</span> <span class='ocrx_word' id='word_1_51' title='bbox 556 1463 670 1527; x_wconf 92' lang='lat' dir='ltr'>autin</span> <span class='ocrx_word' id='word_1_52' title='bbox 697 1464 753 1528; x_wconf 93' lang='lat' dir='ltr'>illa</span> <span class='ocrx_word' id='word_1_53' title='bbox 778 1463 946 1527; x_wconf 89' lang='lat' dir='ltr'>occasione</span> <span class='ocrx_word' id='word_1_54' title='bbox 970 1464 1067 1545; x_wconf 93' lang='lat' dir='ltr'>poeta</span> <span class='ocrx_word' id='word_1_55' title='bbox 1093 1462 1292 1544; x_wconf 86' lang='lat' dir='ltr'>spectatores</span> 
     </span>
     <span class='ocr_line' id='line_1_9' title="bbox 224 1580 1291 1664; baseline -0.002 -19"><span class='ocrx_word' id='word_1_56' title='bbox 224 1581 287 1646; x_wconf 90' lang='lat' dir='ltr'>hac</span> <span class='ocrx_word' id='word_1_57' title='bbox 314 1581 354 1645; x_wconf 90' lang='lat' dir='ltr'>de</span> <span class='ocrx_word' id='word_1_58' title='bbox 379 1601 413 1645; x_wconf 90' lang='lat' dir='ltr'>rc</span> <span class='ocrx_word' id='word_1_59' title='bbox 437 1583 590 1646; x_wconf 89' lang='lat' dir='ltr'>certiores</span> <span class='ocrx_word' id='word_1_60' title='bbox 614 1580 719 1646; x_wconf 86' lang='lat' dir='ltr'>facere</span> <span class='ocrx_word' id='word_1_61' title='bbox 742 1581 874 1646; x_wconf 89' lang='lat' dir='ltr'>debuit:</span> <span class='ocrx_word' id='word_1_62' title='bbox 900 1600 1006 1664; x_wconf 90' lang='lat' dir='ltr'>neque</span> <span class='ocrx_word' id='word_1_63' title='bbox 1021 1582 1198 1664; x_wconf 88' lang='lat' dir='ltr'>quicquam</span> <span class='ocrx_word' id='word_1_64' title='bbox 1216 1600 1291 1662; x_wconf 90' lang='lat' dir='ltr'>pro·</span> 
     </span>
     <span class='ocr_line' id='line_1_10' title="bbox 225 1698 1293 1783; baseline -0.003 -18"><span class='ocrx_word' id='word_1_65' title='bbox 225 1698 334 1765; x_wconf 86' lang='lat' dir='ltr'>hibere</span> <span class='ocrx_word' id='word_1_66' title='bbox 366 1702 447 1783; x_wconf 93' lang='lat' dir='ltr'>puto</span> <span class='ocrx_word' id='word_1_67' title='bbox 474 1702 651 1783; x_wconf 88' lang='lat' dir='ltr'>quominus</span> <span class='ocrx_word' id='word_1_68' title='bbox 674 1701 771 1783; x_wconf 90' lang='lat' dir='ltr'>poeta</span> <span class='ocrx_word' id='word_1_69' title='bbox 795 1701 880 1765; x_wconf 88' lang='lat' dir='ltr'>hanc</span> <span class='ocrx_word' id='word_1_70' title='bbox 906 1701 1091 1783; x_wconf 92' lang='lat' dir='ltr'>pactionem</span> <span class='ocrx_word' id='word_1_71' title='bbox 1118 1701 1151 1763; x_wconf 92' lang='lat' dir='ltr'>in</span> <span class='ocrx_word' id='word_1_72' title='bbox 1177 1700 1293 1763; x_wconf 87' lang='lat' dir='ltr'>eadem</span> 
     </span>
     <span class='ocr_line' id='line_1_11' title="bbox 225 1820 1076 1903; baseline -0.001 -19"><span class='ocrx_word' id='word_1_73' title='bbox 225 1820 286 1885; x_wconf 86' lang='lat' dir='ltr'>hac</span> <span class='ocrx_word' id='word_1_74' title='bbox 314 1820 491 1902; x_wconf 88' lang='lat' dir='ltr'>posteriore</span> <span class='ocrx_word' id='word_1_75' title='bbox 515 1822 608 1903; x_wconf 90' lang='lat' dir='ltr'>parte</span> <span class='ocrx_word' id='word_1_76' title='bbox 630 1840 747 1885; x_wconf 87' lang='lat' dir='ltr'>scenae</span> <span class='ocrx_word' id='word_1_77' title='bbox 772 1821 896 1902; x_wconf 88' lang='lat' dir='ltr'>primae</span> <span class='ocrx_word' id='word_1_78' title='bbox 920 1820 1076 1902; x_wconf 89' lang='lat' dir='ltr'>posuerit.</span> 
     </span>
    </p>

    <p class='ocr_par' dir='ltr' id='par_1_3' title="bbox 226 1937 1293 2259">
     <span class='ocr_line' id='line_1_12' title="bbox 272 1937 1293 2004; baseline -0.002 -2"><span class='ocrx_word' id='word_1_79' title='bbox 272 1939 442 2003; x_wconf 90' lang='lat' dir='ltr'>Postremo</span> <span class='ocrx_word' id='word_1_80' title='bbox 486 1959 598 2004; x_wconf 87' lang='lat' dir='ltr'>versus</span> <span class='ocrx_word' id='word_1_81' title='bbox 651 1938 785 2003; x_wconf 92' lang='lat' dir='ltr'>ultimus</span> <span class='ocrx_word' id='word_1_82' title='bbox 826 1939 923 2002; x_wconf 92' lang='lat' dir='ltr'>huius</span> <span class='ocrx_word' id='word_1_83' title='bbox 963 1957 1080 2002; x_wconf 90' lang='lat' dir='ltr'>scenae</span> <span class='ocrx_word' id='word_1_84' title='bbox 1116 1937 1202 2001; x_wconf 88' lang='lat' dir='ltr'>duae</span> <span class='ocrx_word' id='word_1_85' title='bbox 1242 1957 1293 2001; x_wconf 90' lang='lat' dir='ltr'>res</span> 
     </span>
     <span class='ocr_line' id='line_1_13' title="bbox 226 2056 1290 2140; baseline -0.003 -19"><span class='ocrx_word' id='word_1_86' title='bbox 226 2058 366 2133; x_wconf 88' lang='lat' dir='ltr'>obstant,</span> <span class='ocrx_word' id='word_1_87' title='bbox 392 2059 568 2140; x_wconf 89' lang='lat' dir='ltr'>quominus</span> <span class='ocrx_word' id='word_1_88' title='bbox 588 2077 782 2139; x_wconf 82' lang='lat' dir='ltr'>germanum</span> <span class='ocrx_word' id='word_1_89' title='bbox 794 2058 910 2139; x_wconf 90' lang='lat' dir='ltr'>poetae</span> <span class='ocrx_word' id='word_1_90' title='bbox 925 2056 1037 2121; x_wconf 90' lang='lat' dir='ltr'>stilum</span> <span class='ocrx_word' id='word_1_91' title='bbox 1053 2056 1290 2138; x_wconf 90' lang='lat' dir='ltr'>repraesentet:</span> 
     </span>
     <span class='ocr_line' id='line_1_14' title="bbox 232 2173 1293 2259; baseline -0.003 -19"><span class='ocrx_word' id='word_1_92' title='bbox 232 2175 360 2259; x_wconf 65' lang='lat' dir='ltr'>„Usque</span> <span class='ocrx_word' id='word_1_93' title='bbox 395 2196 450 2240; x_wconf 90' lang='lat' dir='ltr'>ero</span> <span class='ocrx_word' id='word_1_94' title='bbox 487 2177 593 2256; x_wconf 87' lang='lat' dir='ltr'>domi,</span> <span class='ocrx_word' id='word_1_95' title='bbox 630 2177 710 2240; x_wconf 90' lang='lat' dir='ltr'>dum</span> <span class='ocrx_word' id='word_1_96' title='bbox 746 2194 904 2249; x_wconf 85' lang='lat' dir='ltr'>excoxero</span> <span class='ocrx_word' id='word_1_97' title='bbox 937 2175 1047 2239; x_wconf 89' lang='lat' dir='ltr'>lenoni</span> <span class='ocrx_word' id='word_1_98' title='bbox 1078 2173 1200 2238; x_wconf 88' lang='lat' dir='ltr'>malam</span> <span class='ocrx_word' id='word_1_99' title='bbox 1225 2194 1293 2238; x_wconf 89' lang='lat' dir='ltr'>rem</span> 
     </span>
    </p>

    <p class='ocr_par' dir='ltr' id='par_1_4' title="bbox 1108 2292 1294 2374">
     <span class='ocr_line' id='line_1_15' title="bbox 1108 2292 1294 2374; baseline 0 -17"><span class='ocrx_word' id='word_1_100' title='bbox 1108 2292 1294 2374; x_wconf 84' lang='lat' dir='ltr'>magnam.&#39;&#39;</span> 
     </span>
    </p>

    <p class='ocr_par' dir='ltr' id='par_1_5' title="bbox 224 2411 1294 2976">
     <span class='ocr_line' id='line_1_16' title="bbox 276 2411 1294 2498; baseline -0.002 -20"><span class='ocrx_word' id='word_1_101' title='bbox 276 2411 321 2480; x_wconf 88' lang='lat'>1⁰.</span> <span class='ocrx_word' id='word_1_102' title='bbox 358 2415 447 2480; x_wconf 89' lang='lat' dir='ltr'>Haec</span> <span class='ocrx_word' id='word_1_103' title='bbox 485 2415 585 2479; x_wconf 88' lang='lat' dir='ltr'>verba</span> <span class='ocrx_word' id='word_1_104' title='bbox 623 2414 721 2498; x_wconf 91' lang='lat' dir='ltr'>plane</span> <span class='ocrx_word' id='word_1_105' title='bbox 756 2434 790 2478; x_wconf 92' lang='lat' dir='ltr'>se</span> <span class='ocrx_word' id='word_1_106' title='bbox 821 2415 993 2495; x_wconf 82' lang='lat' dir='ltr'>segregant</span> <span class='ocrx_word' id='word_1_107' title='bbox 1025 2413 1294 2477; x_wconf 82' lang='lat' dir='ltr'>aconvenientia</span> 
     </span>
     <span class='ocr_line' id='line_1_17' title="bbox 224 2531 1294 2618; baseline -0.007 -17"><span class='ocrx_word' id='word_1_108' title='bbox 224 2555 449 2618; x_wconf 87' lang='lat' dir='ltr'>consensuque</span> <span class='ocrx_word' id='word_1_109' title='bbox 473 2535 719 2599; x_wconf 88' lang='lat' dir='ltr'>sententiarum.</span> <span class='ocrx_word' id='word_1_110' title='bbox 761 2534 799 2599; x_wconf 93' lang='lat' dir='ltr'>ln</span> <span class='ocrx_word' id='word_1_111' title='bbox 825 2533 1059 2616; x_wconf 88' lang='lat' dir='ltr'>praeeuntibus</span> <span class='ocrx_word' id='word_1_112' title='bbox 1083 2532 1169 2596; x_wconf 88' lang='lat' dir='ltr'>enim</span> <span class='ocrx_word' id='word_1_113' title='bbox 1194 2531 1294 2595; x_wconf 87' lang='lat' dir='ltr'>Toxi-</span> 
     </span>
     <span class='ocr_line' id='line_1_18' title="bbox 224 2648 1294 2735; baseline -0.005 -17"><span class='ocrx_word' id='word_1_114' title='bbox 224 2656 275 2719; x_wconf 90' lang='lat' dir='ltr'>lus</span> <span class='ocrx_word' id='word_1_115' title='bbox 311 2674 386 2718; x_wconf 88' lang='lat' dir='ltr'>cum</span> <span class='ocrx_word' id='word_1_116' title='bbox 421 2653 642 2735; x_wconf 82' lang='lat' dir='ltr'>Sagaristione</span> <span class='ocrx_word' id='word_1_117' title='bbox 665 2655 776 2719; x_wconf 88' lang='lat' dir='ltr'>omnia</span> <span class='ocrx_word' id='word_1_118' title='bbox 800 2648 1069 2735; x_wconf 87' lang='lat' dir='ltr'>communicavit:</span> <span class='ocrx_word' id='word_1_119' title='bbox 1096 2670 1131 2714; x_wconf 92' lang='lat' dir='ltr'>se</span> <span class='ocrx_word' id='word_1_120' title='bbox 1154 2650 1294 2715; x_wconf 87' lang='lat' dir='ltr'>amicam</span> 
     </span>
     <span class='ocr_line' id='line_1_19' title="bbox 225 2770 1294 2855; baseline -0.006 -17"><span class='ocrx_word' id='word_1_121' title='bbox 225 2775 354 2850; x_wconf 89' lang='lat' dir='ltr'>habere,</span> <span class='ocrx_word' id='word_1_122' title='bbox 381 2773 438 2837; x_wconf 91' lang='lat' dir='ltr'>sed</span> <span class='ocrx_word' id='word_1_123' title='bbox 461 2792 529 2837; x_wconf 91' lang='lat' dir='ltr'>non</span> <span class='ocrx_word' id='word_1_124' title='bbox 542 2773 733 2855; x_wconf 90' lang='lat' dir='ltr'>pecuniam:</span> <span class='ocrx_word' id='word_1_125' title='bbox 748 2772 808 2836; x_wconf 92' lang='lat' dir='ltr'>sibi</span> <span class='ocrx_word' id='word_1_126' title='bbox 820 2791 888 2837; x_wconf 92' lang='lat' dir='ltr'>non</span> <span class='ocrx_word' id='word_1_127' title='bbox 901 2771 1075 2852; x_wconf 82' lang='lat' dir='ltr'>contigisse</span> <span class='ocrx_word' id='word_1_128' title='bbox 1093 2771 1128 2835; x_wconf 91' lang='lat' dir='ltr'>ut</span> <span class='ocrx_word' id='word_1_129' title='bbox 1141 2770 1294 2834; x_wconf 88' lang='lat' dir='ltr'>mutuam</span> 
     </span>
     <span class='ocr_line' id='line_1_20' title="bbox 225 2889 1294 2976; baseline -0.005 -20"><span class='ocrx_word' id='word_1_130' title='bbox 225 2893 396 2976; x_wconf 88' lang='lat' dir='ltr'>pecuniam</span> <span class='ocrx_word' id='word_1_131' title='bbox 431 2891 601 2972; x_wconf 88' lang='lat' dir='ltr'>acciperet.</span> <span class='ocrx_word' id='word_1_132' title='bbox 650 2891 736 2955; x_wconf 90' lang='lat' dir='ltr'>Tum</span> <span class='ocrx_word' id='word_1_133' title='bbox 772 2890 1025 2971; x_wconf 82' lang='lat' dir='ltr'>Sagaristionem</span> <span class='ocrx_word' id='word_1_134' title='bbox 1058 2889 1185 2970; x_wconf 84' lang='lat' dir='ltr'>rogavit</span> <span class='ocrx_word' id='word_1_135' title='bbox 1209 2889 1294 2952; x_wconf 91' lang='lat' dir='ltr'>ntis</span> 
     </span>
    </p>
   </div>
   <div class='ocr_carea' id='block_1_3' title="bbox 81 3008 1295 3091">
    <p class='ocr_par' dir='ltr' id='par_1_6' title="bbox 81 3008 1295 3091">
     <span class='ocr_line' id='line_1_21' title="bbox 81 3008 1295 3091; baseline -0.007 -14"><span class='ocrx_word' id='word_1_136' title='bbox 81 3034 84 3039; x_wconf 84' lang='lat'>·</span> <span class='ocrx_word' id='word_1_137' title='bbox 181 3083 184 3089; x_wconf 91' lang='lat'><em>.</em></span> <span class='ocrx_word' id='word_1_138' title='bbox 226 3032 286 3076; x_wconf 91' lang='lat' dir='ltr'>sua</span> <span class='ocrx_word' id='word_1_139' title='bbox 321 3030 420 3076; x_wconf 89' lang='lat' dir='ltr'>causa</span> <span class='ocrx_word' id='word_1_140' title='bbox 456 3011 608 3075; x_wconf 91' lang='lat' dir='ltr'>mutuam</span> <span class='ocrx_word' id='word_1_141' title='bbox 642 3010 800 3074; x_wconf 87' lang='lat' dir='ltr'>exoraret.</span> <span class='ocrx_word' id='word_1_142' title='bbox 849 3009 1019 3091; x_wconf 89' lang='lat' dir='ltr'>Nusquam</span> <span class='ocrx_word' id='word_1_143' title='bbox 1054 3008 1166 3072; x_wconf 91' lang='lat' dir='ltr'>autem</span> <span class='ocrx_word' id='word_1_144' title='bbox 1191 3026 1295 3070; x_wconf 89' lang='lat' dir='ltr'>unum</span> 
     </span>
    </p>
   </div>
   <div class='ocr_carea' id='block_1_4' title="bbox 225 3127 1295 3567">
    <p class='ocr_par' dir='ltr' id='par_1_7' title="bbox 225 3127 1295 3567">
     <span class='ocr_line' id='line_1_22' title="bbox 227 3127 1295 3195; baseline -0.005 0"><span class='ocrx_word' id='word_1_145' title='bbox 227 3131 362 3195; x_wconf 88' lang='lat' dir='ltr'>verbum</span> <span class='ocrx_word' id='word_1_146' title='bbox 387 3130 427 3194; x_wconf 91' lang='lat' dir='ltr'>de</span> <span class='ocrx_word' id='word_1_147' title='bbox 450 3130 568 3193; x_wconf 88' lang='lat' dir='ltr'>lenone</span> <span class='ocrx_word' id='word_1_148' title='bbox 591 3128 683 3192; x_wconf 86' lang='lat' dir='ltr'>tecit:</span> <span class='ocrx_word' id='word_1_149' title='bbox 709 3148 769 3192; x_wconf 92' lang='lat' dir='ltr'>nec</span> <span class='ocrx_word' id='word_1_150' title='bbox 793 3147 827 3191; x_wconf 91' lang='lat' dir='ltr'>se</span> <span class='ocrx_word' id='word_1_151' title='bbox 843 3147 863 3192; x_wconf 91' lang='lat' dir='ltr'>a</span> <span class='ocrx_word' id='word_1_152' title='bbox 880 3128 997 3193; x_wconf 88' lang='lat' dir='ltr'>lenone</span> <span class='ocrx_word' id='word_1_153' title='bbox 1014 3146 1125 3191; x_wconf 87' lang='lat' dir='ltr'>amare</span> <span class='ocrx_word' id='word_1_154' title='bbox 1138 3127 1167 3190; x_wconf 90' lang='lat' dir='ltr'>ei</span> <span class='ocrx_word' id='word_1_155' title='bbox 1180 3145 1295 3190; x_wconf 88' lang='lat' dir='ltr'>narra-</span> 
     </span>
     <span class='ocr_line' id='line_1_23' title="bbox 225 3247 1295 3328; baseline -0.004 -16"><span class='ocrx_word' id='word_1_156' title='bbox 225 3252 287 3328; x_wconf 84' lang='lat' dir='ltr'>vit,</span> <span class='ocrx_word' id='word_1_157' title='bbox 325 3269 384 3313; x_wconf 88' lang='lat' dir='ltr'>nec</span> <span class='ocrx_word' id='word_1_158' title='bbox 410 3248 562 3313; x_wconf 88' lang='lat' dir='ltr'>lenonem</span> <span class='ocrx_word' id='word_1_159' title='bbox 587 3247 648 3311; x_wconf 93' lang='lat' dir='ltr'>sibi</span> <span class='ocrx_word' id='word_1_160' title='bbox 678 3247 809 3311; x_wconf 89' lang='lat' dir='ltr'>credere</span> <span class='ocrx_word' id='word_1_161' title='bbox 834 3247 938 3311; x_wconf 88' lang='lat' dir='ltr'>nolle:</span> <span class='ocrx_word' id='word_1_162' title='bbox 964 3247 1178 3311; x_wconf 88' lang='lat' dir='ltr'>credamusne</span> <span class='ocrx_word' id='word_1_163' title='bbox 1208 3265 1295 3309; x_wconf 89' lang='lat' dir='ltr'>nunc</span> 
     </span>
     <span class='ocr_line' id='line_1_24' title="bbox 226 3365 1295 3450; baseline -0.007 -16"><span class='ocrx_word' id='word_1_164' title='bbox 226 3368 379 3434; x_wconf 85' lang='lat' dir='ltr'>Toxilum</span> <span class='ocrx_word' id='word_1_165' title='bbox 408 3369 583 3450; x_wconf 88' lang='lat' dir='ltr'>postquam</span> <span class='ocrx_word' id='word_1_166' title='bbox 608 3367 750 3430; x_wconf 89' lang='lat' dir='ltr'>amicum</span> <span class='ocrx_word' id='word_1_167' title='bbox 774 3385 872 3431; x_wconf 89' lang='lat' dir='ltr'>suum</span> <span class='ocrx_word' id='word_1_168' title='bbox 895 3365 1076 3446; x_wconf 82' lang='lat' dir='ltr'>ablegavit,</span> <span class='ocrx_word' id='word_1_169' title='bbox 1103 3366 1153 3444; x_wconf 89' lang='lat' dir='ltr'>ei,</span> <span class='ocrx_word' id='word_1_170' title='bbox 1178 3365 1235 3446; x_wconf 93' lang='lat' dir='ltr'>qui</span> <span class='ocrx_word' id='word_1_171' title='bbox 1261 3365 1295 3427; x_wconf 93' lang='lat' dir='ltr'>in</span> 
     </span>
     <span class='ocr_line' id='line_1_25' title="bbox 225 3481 1295 3567; baseline -0.005 -16"><span class='ocrx_word' id='word_1_172' title='bbox 225 3508 263 3551; x_wconf 88' lang='lat' dir='ltr'>eo</span> <span class='ocrx_word' id='word_1_173' title='bbox 288 3489 335 3551; x_wconf 91' lang='lat' dir='ltr'>est</span> <span class='ocrx_word' id='word_1_174' title='bbox 360 3487 397 3550; x_wconf 92' lang='lat' dir='ltr'>ut</span> <span class='ocrx_word' id='word_1_175' title='bbox 420 3486 518 3551; x_wconf 89' lang='lat' dir='ltr'>abeat</span> <span class='ocrx_word' id='word_1_176' title='bbox 541 3486 621 3550; x_wconf 88' lang='lat' dir='ltr'>haec</span> <span class='ocrx_word' id='word_1_177' title='bbox 645 3485 743 3549; x_wconf 87' lang='lat' dir='ltr'>verba</span> <span class='ocrx_word' id='word_1_178' title='bbox 760 3487 925 3567; x_wconf 86' lang='lat' dir='ltr'>postrema</span> <span class='ocrx_word' id='word_1_179' title='bbox 942 3482 1165 3548; x_wconf 87' lang='lat' dir='ltr'>acclamasse?</span> <span class='ocrx_word' id='word_1_180' title='bbox 1189 3481 1295 3547; x_wconf 89' lang='lat' dir='ltr'>Credo</span> 
     </span>
    </p>
   </div>
   <div class='ocr_carea' id='block_1_5' title="bbox 232 3704 430 3712">
    <p class='ocr_par' dir='ltr' id='par_1_8' title="bbox 232 3704 430 3712">
     <span class='ocr_line' id='line_1_26' title="bbox 232 3704 430 3712; baseline 0 -1"><span class='ocrx_word' id='word_1_181' title='bbox 232 3704 430 3712; x_wconf 81' lang='lat'>—————</span> 
     </span>
    </p>
   </div>
   <div class='ocr_carea' id='block_1_6' title="bbox 228 3810 1296 4259">
    <p class='ocr_par' dir='ltr' id='par_1_9' title="bbox 228 3810 1296 4259">
     <span class='ocr_line' id='line_1_27' title="bbox 229 3810 1296 3887; baseline -0.005 -18"><span class='ocrx_word' id='word_1_182' title='bbox 229 3813 366 3887; x_wconf 72' lang='lat' dir='ltr'>ogingliob</span> <span class='ocrx_word' id='word_1_183' title='bbox 394 3814 571 3887; x_wconf 86' lang='lat' dir='ltr'>nothwcndig.</span> <span class='ocrx_word' id='word_1_184' title='bbox 600 3814 774 3870; x_wconf 82' lang='lat' dir='ltr'>Aussserdem</span> <span class='ocrx_word' id='word_1_185' title='bbox 797 3815 860 3870; x_wconf 85' lang='lat' dir='ltr'>aber</span> <span class='ocrx_word' id='word_1_186' title='bbox 886 3817 953 3870; x_wconf 76' lang='lat' dir='ltr'>wire</span> <span class='ocrx_word' id='word_1_187' title='bbox 981 3814 1009 3869; x_wconf 93' lang='lat' dir='ltr'>in</span> <span class='ocrx_word' id='word_1_188' title='bbox 1030 3813 1082 3868; x_wconf 88' lang='lat' dir='ltr'>den</span> <span class='ocrx_word' id='word_1_189' title='bbox 1099 3816 1187 3867; x_wconf 80' lang='lat' dir='ltr'>ersten</span> <span class='ocrx_word' id='word_1_190' title='bbox 1205 3810 1296 3866; x_wconf 83' lang='lat' dir='ltr'>Akten</span> 
     </span>
     <span class='ocr_line' id='line_1_28' title="bbox 228 3906 1296 3984; baseline -0.003 -22"><span class='ocrx_word' id='word_1_191' title='bbox 228 3911 318 3966; x_wconf 66' lang='lat' dir='ltr'>‚nieht</span> <span class='ocrx_word' id='word_1_192' title='bbox 335 3910 431 3965; x_wconf 88' lang='lat' dir='ltr'>einmal</span> <span class='ocrx_word' id='word_1_193' title='bbox 450 3912 508 3966; x_wconf 82' lang='lat' dir='ltr'>eine</span> <span class='ocrx_word' id='word_1_194' title='bbox 524 3910 653 3984; x_wconf 81' lang='lat' dir='ltr'>passando</span> <span class='ocrx_word' id='word_1_195' title='bbox 671 3910 754 3966; x_wconf 81' lang='lat' dir='ltr'>Stella</span> <span class='ocrx_word' id='word_1_196' title='bbox 775 3910 817 3965; x_wconf 76' lang='lat' dir='ltr'>fiir</span> <span class='ocrx_word' id='word_1_197' title='bbox 834 3911 893 3966; x_wconf 89' lang='lat' dir='ltr'>eine</span> <span class='ocrx_word' id='word_1_198' title='bbox 911 3908 1109 3966; x_wconf 86' lang='lat' dir='ltr'>dahinzielcnde</span> <span class='ocrx_word' id='word_1_199' title='bbox 1127 3906 1296 3976; x_wconf 83' lang='lat' dir='ltr'>Bemerkung</span> 
     </span>
     <span class='ocr_line' id='line_1_29' title="bbox 228 4004 1295 4078; baseline -0.004 -17"><span class='ocrx_word' id='word_1_200' title='bbox 228 4006 436 4068; x_wconf 76' lang='lat' dir='ltr'>,aufzutreiben</span> <span class='ocrx_word' id='word_1_201' title='bbox 454 4009 509 4063; x_wconf 89' lang='lat' dir='ltr'>Der</span> <span class='ocrx_word' id='word_1_202' title='bbox 527 4008 613 4078; x_wconf 85' lang='lat' dir='ltr'>einzig</span> <span class='ocrx_word' id='word_1_203' title='bbox 631 4007 761 4078; x_wconf 80' lang='lat' dir='ltr'>mdgliehe</span> <span class='ocrx_word' id='word_1_204' title='bbox 780 4005 855 4062; x_wconf 85' lang='lat' dir='ltr'>Platz</span> <span class='ocrx_word' id='word_1_205' title='bbox 878 4010 945 4061; x_wconf 67' lang='lat' dir='ltr'>aare</span> <span class='ocrx_word' id='word_1_206' title='bbox 963 4006 1029 4062; x_wconf 88' lang='lat' dir='ltr'>eben</span> <span class='ocrx_word' id='word_1_207' title='bbox 1048 4006 1090 4061; x_wconf 87' lang='lat' dir='ltr'>die</span> <span class='ocrx_word' id='word_1_208' title='bbox 1111 4004 1196 4060; x_wconf 87' lang='lat' dir='ltr'>fiinfte</span> <span class='ocrx_word' id='word_1_209' title='bbox 1211 4005 1295 4058; x_wconf 85' lang='lat' dir='ltr'>Scene</span> 
     </span>
     <span class='ocr_line' id='line_1_30' title="bbox 229 4099 1283 4172; baseline -0.007 -12"><span class='ocrx_word' id='word_1_210' title='bbox 229 4105 291 4167; x_wconf 68' lang='lat' dir='ltr'>,des</span> <span class='ocrx_word' id='word_1_211' title='bbox 310 4106 411 4162; x_wconf 85' lang='lat' dir='ltr'>vierten</span> <span class='ocrx_word' id='word_1_212' title='bbox 431 4105 529 4172; x_wconf 73' lang='lat' dir='ltr'>nites,</span> <span class='ocrx_word' id='word_1_213' title='bbox 549 4104 592 4160; x_wconf 88' lang='lat' dir='ltr'>die</span> <span class='ocrx_word' id='word_1_214' title='bbox 609 4104 666 4160; x_wconf 87' lang='lat' dir='ltr'>sieh</span> <span class='ocrx_word' id='word_1_215' title='bbox 685 4102 859 4159; x_wconf 84' lang='lat' dir='ltr'>unmittelbar</span> <span class='ocrx_word' id='word_1_216' title='bbox 877 4121 910 4158; x_wconf 87' lang='lat' dir='ltr'>an</span> <span class='ocrx_word' id='word_1_217' title='bbox 929 4099 972 4157; x_wconf 90' lang='lat' dir='ltr'>die</span> <span class='ocrx_word' id='word_1_218' title='bbox 989 4100 1162 4170; x_wconf 78' lang='lat' dir='ltr'>Ausffihrung</span> <span class='ocrx_word' id='word_1_219' title='bbox 1176 4099 1223 4154; x_wconf 88' lang='lat' dir='ltr'>der</span> <span class='ocrx_word' id='word_1_220' title='bbox 1236 4099 1283 4154; x_wconf 81' lang='lat' dir='ltr'>Lis</span> 
     </span>
     <span class='ocr_line' id='line_1_31' title="bbox 232 4202 430 4259; baseline 0.03 -6"><span class='ocrx_word' id='word_1_221' title='bbox 232 4202 430 4259; x_wconf 62' lang='lat' dir='ltr'>nanschlieastl’</span> 
     </span>
    </p>
   </div>
   <div class='ocr_carea' id='block_1_7' title="bbox 0 0 1535 4966">
    <p class='ocr_par' dir='ltr' id='par_1_10' title="bbox 0 0 1535 4966">
     <span class='ocr_line' id='line_1_32' title="bbox 0 0 1535 4966; baseline 0 0"><span class='ocrx_word' id='word_1_222' title='bbox 0 0 1535 4966; x_wconf 95' lang='lat' dir='ltr'> </span> 
     </span>
    </p>
   </div>
  </div>
 </body>
</html>
