3046 4966
738 570 782 634 45

270 761 330 841 Qui
363 765 456 830 ilium
490 764 624 828 Persam
663 763 762 844 atque
793 762 900 826 omnis
924 762 1040 826 Persas
1065 763 1165 846 atque
1191 766 1290 830 etiam

992 881 1098 946 omnis
1122 903 1288 965 personas,

224 1002 366 1067 Dordalo
401 1002 566 1086 reputanti
601 1018 776 1071 aerumnas
803 999 864 1064 sihi
889 1000 1008 1066 inlatas
1033 1001 1066 1083 et
1094 1021 1168 1066 cum
1199 1023 1290 1068 exse-

224 1123 368 1187 cratione
402 1122 550 1186 homines
586 1119 770 1183 nominanti
794 1119 851 1202 qui
887 1119 1018 1184 illarum
1042 1121 1107 1185 sint
1140 1125 1290 1187 auctores

225 1242 492 1306 verisimillimum
504 1241 552 1305 est
569 1258 636 1304 non
648 1239 756 1303 solum
767 1239 886 1303 Persae
899 1241 931 1304 et
943 1241 1091 1304 omnium
1104 1241 1290 1320 Persarum,

224 1379 338 1424 verum
388 1359 547 1442 imprimis
587 1357 680 1422 istius
728 1358 860 1439 virginis
884 1358 929 1421 in
965 1361 1109 1423 mentem
1146 1361 1290 1425 venisse:

224 1479 440 1563 quamobrem
473 1477 609 1542 coniicio
645 1496 775 1541 versum
811 1477 844 1541 in
869 1477 935 1541 fine
958 1478 1114 1543 mutilum
1139 1499 1159 1543 a
1183 1479 1292 1543 nescio

224 1618 290 1682 quo
328 1598 585 1663 commentatore
620 1596 781 1661 vocabulo
814 1616 967 1678 personas
1003 1597 1170 1680 expletum
1203 1618 1290 1677 esse,

224 1690 337 1778 veram
360 1715 470 1778 autem
494 1714 688 1796 scripturam
715 1713 800 1777 hanc
823 1711 941 1778 fuisse:

271 1830 331 1910 Qui
367 1833 458 1899 illum
494 1832 629 1897 Persam
658 1834 756 1914 atque
783 1837 897 1896 emues
925 1833 1169 1918 Persas'etque
1193 1837 1293 1901 etiam

993 1971 1106 2017 omnes
1130 1953 1292 2019 Persidas.

274 2191 339 2255 797
376 2208 446 2271 sqq.
483 2188 658 2272 (5:u:19
694 2184 771 2273 qq):
810 2187 852 2252 Ut
877 2207 1031 2252 versuum
1056 2189 1174 2254 horum
1197 2191 1291 2256 initia

226 2329 301 2373 cum
322 2309 412 2372 libris
436 2307 623 2390 conspirent
646 2307 771 2389 aliquot
788 2307 886 2371 verba
903 2308 1085 2373 omittenda
1102 2318 1187 2386 sunt,
1207 2329 1293 2392 quae

226 2429 353 2494 uncinis
379 2427 513 2492 inclusi:

272 2547 333 2612 To.
368 2547 513 2628 Iurgium
547 2545 653 2628 [hinc]
689 2543 826 2628 auferas,
853 2546 879 2609 si
903 2545 1020 2627 sapias.
1046 2546 1103 2612 Do,
1131 2544 1183 2612 'At
1206 2546 1293 2612 bona

867 2642 998 2744 liberta,
1024 2666 1105 2730 haec
1129 2668 1248 2733 scivisti
1268 2668 1294 2754 ¹)

222 2831 226 2838 -
274 2786 323 2852 'ut
358 2807 411 2850 me
446 2784 627 2868 cela[vi]st1'.
666 2786 743 2850 Lurr.
784 2785 976 2862 stultitiast,
1014 2788 1099 2867 quoi
1117 2785 1204 2850 bene
1227 2807 1296 2852 esse

905 2904 978 2969 licet
1003 2903 1109 2989 [eum]
1133 2906 1295 2988 praevorti

274 2998 415 3094 Litibus:
450 3025 611 3108 posterius
644 3023 743 3088 istaec
780 3025 811 3086 te
849 3023 951 3104 megis
983 3043 1043 3105 par
1068 3027 1202 3104 agerest.
1230 3025 1291 3090 Do.

271 3148 276 3157 “
429 3151 430 3154 ’
947 3139 1069 3207 'Uritur
1091 3162 1147 3208 cor
1170 3144 1291 3229 [mihi].

276 3267 334 3332 To.
362 3266 411 3330 Da
434 3264 479 3328 ilii
503 3262 715 3328 cantharum:
740 3261 892 3342 extingue
917 3261 1035 3342 ignem,
1062 3265 1089 3323 si
1109 3282 1166 3327 cor
1190 3263 1297 3327 uniter

917 3378 1045 3463 [caput]
1068 3399 1110 3443 ne
1133 3382 1293 3448 ardescat.

278 3509 336 3572 uo.
362 3503 471 3570 nouos
495 3484 576 3585 [me]
601 3500 705 3564 facins
726 3499 918 3584 [intellego]
955 3499 1014 3564 ro.
1040 3500 1102 3563 vin
1119 3500 1292 3565 cinaedum

220 3602 223 3607 ⁵
713 3625 836 3683 nevum
871 3617 928 3683 tibi
964 3617 1049 3696 dari,
1088 3616 1294 3700 Paegnium?

231 3745 422 3830 Sequuntur
453 3759 565 3806 versus
589 3739 755 3804 bacchiaci
782 3739 867 3802 tres:
923 3762 926 3769 ·

279 3863 362 3943 Quin
385 3862 481 3929 elude
505 3862 541 3926 ut
564 3858 666 3938 soles,
691 3857 825 3941 quando
848 3856 930 3921 liber
953 3856 1058 3920 locust
1078 3855 1143 3928 hic.

244 4084 456 4094 —————

274 4247 291 4308 ¹)
328 4246 398 4298 Hinc
413 4245 464 4297 iam
484 4245 588 4298 Boetius
596 4241 704 4295 delevit.
