3046 4966
704 594 800 658 35.

239 788 275 850 D.
312 785 429 850 Libera
462 788 636 869 inquamst.
675 788 790 869 ecquid
826 786 942 851 audis?
982 786 1020 852 T.
1058 786 1102 849 Ar
1134 786 1191 850 tibi
1224 786 1257 851 di

883 905 966 969 bene
989 901 1111 969 faciant
1134 924 1256 969 omnes.

239 1024 427 1106 Nrimquarn
460 1025 547 1089 enim
579 1025 715 1107 posthac
739 1023 798 1088 tibi
822 1043 882 1088 nee
906 1026 1038 1090 tuorum
1059 1029 1257 1108 quoiquam,

900 1144 988 1227 quod
1012 1145 1114 1221 nolis⁹
1141 1144 1258 1208 volam.

241 1262 279 1326 D.
306 1260 406 1338 ·‘Abi,
440 1282 481 1326 ne
518 1264 605 1327 iura:
644 1264 721 1328 setis
757 1241 866 1327 credo.
914 1263 953 1328 T.
980 1262 1042 1327 Ubi
1079 1283 1167 1328 nunc
1203 1265 1261 1328 tria

687 1382 857 1447 libertast?
880 1383 917 1446 D.
944 1382 1043 1465 Apud
1067 1385 1108 1448 te.
1135 1382 1174 1448 T.
1197 1383 1261 1446 Ain

243 1498 349 1583 ‘Apud
373 1519 426 1564 me
449 1502 521 1565 est?
544 1501 580 1564 D.
608 1502 669 1566 Aio
692 1501 846 1584 inquam:
872 1502 960 1584 eipud
984 1503 1016 1566 te
1033 1503 1096 1582 esi,
1115 1502 1261 1583 inquam.
1321 1516 1323 1520 ⁴

456 1619 494 1683 T.
521 1616 579 1684 'Ita
602 1639 654 1683 me
679 1620 712 1684 di
737 1622 864 1700 ament,
891 1622 928 1684 rii
953 1619 995 1684 ob
1019 1621 1116 1685 islam
1140 1639 1209 1684 rem
1235 1617 1261 1704 1)

245 1739 319 1804 Tibi
343 1740 447 1804 mulia
470 1740 594 1804 instant
617 1744 637 1804 ei
659 1759 711 1804 me
734 1740 840 1816 bona;
865 1760 1008 1823 namque
1029 1742 1078 1805 esi
1098 1759 1150 1805 res
1162 1759 1263 1823 quae·

781 1860 857 1923 dam
881 1878 981 1942 quam
1006 1859 1211 1923 becultabam
1236 1856 1263 1942 ²)

247 1978 320 2043 lei
357 1979 475 2043 dicere:
515 1997 603 2042 nunc
630 1984 704 2043 erim
728 1978 880 2056 narrabo,
908 1979 996 2042 rinde
1020 1980 1054 2049 lu
1082 1975 1264 2061 pergrande

1076 2097 1203 2161 lucrum
1229 2097 1263 2179 3).

247 2218 376 2283 Tricies:
403 2216 520 2282 faciam
544 2218 581 2281 ut
597 2217 659 2280 mei
677 2217 871 2293 memineris,
892 2215 1050 2291 Dbrdale,
1066 2216 1146 2280 dum
1163 2216 1262 2280 vitem

1113 2335 1202 2398 vivas
1227 2332 1266 2418 ⁴).
1294 2388 1298 2395 .

247 2456 283 2522 D.
323 2456 505 2520 Be'nediclis
541 2457 605 2520 tuis
640 2453 810 2518 benefacta
846 2458 941 2518 aures
977 2465 1085 2517 meae¹
1104 2452 1265 2518 auxilium

1050 2572 1265 2655 eprstulani.

250 2692 288 2757 T.
324 2693 435 2757 Trium
471 2692 714 2778 promeritumsi
746 2691 862 2755 merito
896 2693 932 2756 ut
956 2690 1073 2755 faciam
1097 2693 1130 2756 et
1153 2692 1190 2755 rii
1215 2710 1267 2754 me

654 2791 659 2799 ¹
936 2809 1100 2874 faciurrim
1123 2811 1205 2875 scias
1230 2809 1269 2895 ⁵).

252 2932 317 2996 Hcs
354 2931 488 2995 tabellas
525 2932 598 2994 tene
634 2930 768 3012 pellege.
805 2929 844 2994 D.
881 2925 964 3005 Quid
999 2929 1080 2993 hae'c
1115 2929 1158 2994 ad
1194 2931 1271 2993 me?

744 3048 780 3112 T.
807 3048 911 3111 Immo
936 3048 978 3112 ad
1003 3050 1035 3113 te
1059 3049 1207 3113 adlinent
1231 3045 1269 3131 ⁶).

249 3170 298 3234 'Ei
314 3171 372 3234 tua
391 3169 496 3234 reie'rl.
515 3168 599 3233 Nam
616 3187 633 3231 e
652 3167 763 3231 Persia
780 3166 909 3231 adlatae
925 3168 1005 3231 mihi
1021 3168 1099 3231 suni
1115 3168 1214 3232 istaec
1232 3165 1268 3251 ⁷).

251 3286 287 3352 'A
311 3307 384 3352 meo
409 3288 552 3354 domino.
577 3286 615 3350 D.
633 3283 795 3363 Quando?
819 3286 858 3350 T.
886 3285 959 3350 Hau
977 3287 1112 3351 dudum.
1132 3286 1170 3351 D.
1187 3282 1271 3362 Quid

665 3405 765 3469 istaec
790 3406 948 3469 narrant?
973 3405 1012 3469 T.
1038 3405 1270 3470 Percunclare.

250 3523 305 3589 'Ex
339 3527 425 3607 ipsis.
461 3525 553 3607 Ipsae
590 3525 648 3591 libi
671 3523 864 3589 narrabunt.
893 3525 926 3588 D.
954 3523 1042 3590 Cedo
1066 3529 1145 3589 sane'
1169 3525 1256 3588 mihi.

199 3775 202 3780 ’
239 3782 257 3844 ¹)
275 3778 374 3833 Hiatur
390 3789 452 3850 post
467 3780 577 3849 inquam.
606 3783 627 3839 ²)
647 3779 703 3832 Tibi
719 3779 798 3835 multa
814 3779 910 3832 instant
926 3796 943 3831 a
962 3796 999 3831 me
1022 3778 1085 3832 bona
1105 3777 1275 3848 iransposui;

202 3875 264 3930 libri
290 3873 405 3928 habent:
434 3872 490 3928 Dei
511 3874 589 3928 multa
618 3874 681 3927 bona
700 3873 797 3928 insunt
813 3891 830 3926 a
847 3891 897 3937 me;
925 3892 1029 3945 namque
1049 3873 1141 3945 scripsi
1158 3890 1205 3945 pro
1224 3891 1276 3944 quo

203 3971 264 4027 libri
298 3969 413 4025 habent:
441 3987 506 4023 nam.
560 3973 579 4032 ³)
599 3967 698 4023 Hiaiur
723 3975 784 4040 post
809 3971 925 4026 narrabo.
972 3977 991 4034 ⁴)
1010 3969 1131 4023 Inserui:
1155 3969 1273 4023 Dordale.

204 4074 223 4132 5)
240 4072 268 4121 ui
285 4086 321 4120 me
342 4070 467 4123 facturum
483 4068 548 4120 sciar
565 4064 671 4137 scripsi,
692 4083 740 4136 pro
758 4083 810 4136 quo
829 4064 892 4120 libri
912 4071 941 4120 ut
958 4083 995 4119 me
1011 4066 1277 4134 sriaresrefarturum.

204 4162 226 4230 r)
244 4162 300 4216 Has
322 4161 428 4216 tabellas
451 4165 507 4214 tene
517 4161 615 4230 pellepe
631 4161 796 4231 transposui:
815 4160 894 4215 libri:
913 4163 1017 4216 tabellas
1035 4166 1090 4215 tene
1110 4163 1156 4214 kar
1172 4144 1276 4232 polleyo.

207 4256 275 4326 Quid
292 4259 352 4310 haec
368 4255 404 4310 ad
420 4274 456 4310 me
473 4273 521 4327 pro
538 4260 584 4310 lure
601 4257 662 4327 quid
678 4256 713 4310 ad
729 4275 772 4310 me.
792 4258 814 4327 ⁷)
832 4259 893 4311 milri
902 4258 995 4330 scripsi
1007 4259 1273 4313 Ribclelioauctore.
