3046 4966
753 515 797 576 86

236 711 309 790 ioca
332 743 564 805 summamque
588 721 786 787 hilaritatem
812 719 984 795 exhibens,
1012 721 1154 786 venditio
1171 719 1315 800 virginis,

237 863 321 925 quae
355 842 484 923 copiose
517 842 548 905 et
578 838 788 903 abundanter
812 839 982 919 usquead
1006 838 1105 902 finem
1131 838 1314 916 deducitur,

238 980 305 1024 non
330 961 410 1024 satis
434 959 560 1041 spectat
585 957 628 1021 ad
656 954 699 1034 id,
729 956 818 1037 quod
842 957 891 1018 est
915 957 1015 1038 caput
1039 957 1094 1034 rei,
1123 956 1166 1019 ad
1182 955 1315 1019 Lemni·

238 1078 380 1141 selenem
416 1076 630 1140 liberandam.
684 1074 920 1155 Praeterquam
952 1075 985 1138 in
1009 1075 1048 1137 iis
1071 1092 1155 1155 quae
1180 1072 1315 1160 Toxilus

238 1196 316 1259 dicit
339 1216 368 1258 r.
397 1194 462 1258 323
487 1194 540 1276 tt:
559 1194 661 1258 5:23
686 1190 779 1277 sqq):

286 1313 395 1394 Atque
420 1329 517 1375 omne
542 1330 600 1392 ego
626 1311 798 1391 argentum
824 1308 882 1372 tibi
905 1310 967 1374 hoc
990 1312 1138 1375 actutum
1151 1308 1314 1373 incolume

1155 1424 1311 1506 redigam.

288 1546 373 1609 Nam
400 1547 468 1609 iam
494 1546 619 1610 omneis
644 1544 874 1627 sycophantias
897 1544 1035 1608 instruxi
1060 1545 1091 1608 et
1115 1544 1314 1625 comparavi,

288 1663 361 1741 Quo
387 1665 483 1745 pacto
509 1663 551 1726 ab
576 1664 692 1727 lenone
718 1662 864 1726 auferam
889 1663 951 1726 hoc
976 1663 1158 1742 argentum,

240 1800 405 1862 nusquam
437 1782 555 1845 diserte
577 1781 820 1862 pronuntiatur
851 1780 940 1844 illam
971 1780 1201 1858 venditionem,
1227 1801 1314 1864 quae

239 1917 315 1962 cum
348 1898 562 1982 apparatibus
591 1898 761 1963 dimidiam
787 1897 852 1962 fere
876 1900 1004 1981 partem
1029 1899 1159 1964 fabulae
1180 1901 1313 1965 nostrae

238 2016 395 2098 complet,
435 2015 665 2080 tantummodo
703 2034 741 2080 eo
766 2016 900 2079 consilio
929 2015 1009 2092 fieri,
1034 2017 1071 2080 ut
1098 2017 1313 2098 Sagaristioni

239 2135 377 2215 pecunia
413 2133 579 2197 reddatur.
631 2133 754 2211 Immo,
792 2132 930 2197 simulac
954 2134 1128 2215 pecuniam
1152 2154 1172 2199 a
1194 2135 1313 2199 lenone

239 2251 349 2333 adepti
387 2253 482 2329 sunt,
521 2250 656 2315 Toxilus
688 2251 788 2315 etiam
823 2251 940 2316 metuit
967 2271 1009 2316 ne
1033 2250 1211 2332 Sagaristio
1234 2270 1312 2315 cum

238 2369 377 2450 pecunia
413 2367 577 2447 aufugiat:
615 2388 673 2432 cur
707 2369 759 2432 hic
796 2370 921 2446 metuS,
960 2370 986 2432 si
1019 2388 1058 2433 eo
1081 2369 1152 2451 ipso
1176 2369 1311 2433 consilio

238 2486 343 2550 omnis
355 2485 438 2567 lapis
450 2485 559 2548 motus
572 2486 664 2563 esset,
679 2487 716 2549 ut
725 2485 937 2566 Sagaristioni
949 2487 1088 2569 pecunia
1097 2487 1311 2552 redderetur?

285 2604 358 2667 Non
397 2603 506 2665 minus
546 2621 646 2683 quam
686 2601 742 2666 illa
788 2601 960 2683 „unitatis”
1002 2606 1139 2686 penuria
1174 2604 1311 2669 offendit

237 2721 326 2803 quod
366 2719 436 2784 tota
475 2719 541 2782 fere
582 2721 693 2784 nostra
727 2719 839 2785 fabula
875 2739 1006 2785 servum
1041 2722 1132 2786 liberi
1169 2722 1311 2786 hominis

225 2811 378 2921 ⁸speciem
414 2856 493 2919 prae
528 2856 563 2899 se
597 2835 754 2900 ferentem
796 2837 949 2902 videmus.
999 2839 1135 2903 Toxilus
1158 2858 1310 2903 sermone
1362 2814 1366 2821 ⁴

238 2975 304 3021 non
339 2956 455 3031 servis,
492 2955 548 3018 sed
581 2954 689 3017 liberis
722 2957 801 3019 nato
831 2956 952 3021 utitur:
978 2957 1047 3038 ipse
1070 2974 1183 3021 servus
1207 2955 1309 3020 alium

238 3072 321 3136 servi
356 3071 428 3135 loco
460 3071 576 3135 habet:
607 3073 706 3136 etiam
731 3073 911 3154 parasitum
936 3073 1055 3149 habet,¹
1078 3074 1130 3138 cui
1155 3074 1309 3156 opiparas

237 3189 350 3271 epulas
389 3186 575 3268 pollicetur,
622 3191 649 3253 si
689 3191 750 3254 sibi
790 3191 909 3255 volenti
949 3189 1053 3256 officia
1092 3190 1306 3273 praestiterit:

236 3306 326 3369 amat
350 3323 370 3368 a
394 3305 530 3382 lenone,
557 3308 589 3369 et
614 3309 760 3371 amatam
785 3327 878 3373 suam
900 3309 1039 3391 pecunia
1063 3309 1197 3374 liberat:
1222 3327 1308 3390 quae

237 3423 347 3500 omnia
382 3423 415 3486 in
453 3424 567 3487 ceteris
603 3424 711 3489 Plauti
747 3425 866 3489 fabulis
890 3445 909 3489 a
934 3427 1081 3508 personis
1104 3425 1214 3489 liberis
1238 3425 1308 3490 lieri

237 3539 392 3604 videmus.
445 3540 528 3604 Nam
566 3539 727 3606 iocularis
750 3544 798 3607 est
821 3542 876 3607 illa
901 3544 1017 3625 poetae
1042 3542 1208 3608 excusatio
1232 3542 1303 3607 Cas

238 3656 319 3738 prol.
358 3657 507 3734 67-74,
552 3659 592 3722 de
632 3653 706 3742 quo'
739 3660 874 3742 prologo
914 3661 1082 3742 praeterea
1122 3659 1309 3725 conferatur

179 3857 182 3862 1
237 3773 401 3839 Delutzleo.
420 3775 442 3855 ¹)

274 4031 292 4092 ¹)
310 4028 459 4084 Carolus
481 4029 631 4085 Dniatlro
649 4031 682 4085 de
699 4030 816 4102 prologis
835 4031 968 4087 Plautinis
986 4036 1014 4087 et
1030 4033 1197 4089 Terentianis
1209 4051 1306 4106 quoes-

237 4122 324 4178 tiones
353 4123 466 4180 selectae
484 4143 526 4198 pg.
545 4125 578 4180 32
597 4125 703 4181 scribit:
731 4143 779 4186 ,ex
797 4127 881 4201 ipsius
898 4128 1002 4201 prologi
1018 4127 1124 4186 indiciis
1141 4128 1306 4186 Ritsehelius
