3046 4966
696 556 737 619 79

227 749 263 813 V.
291 749 367 812 769.
399 748 527 812 ‚Meum
551 748 693 812 natalem
713 749 873 828 agitemus
887 748 1080 814 amoenum”
1094 755 1149 815 eet.
1164 750 1247 814 inte·

92 883 99 895 ·
181 884 275 962 grum
299 868 400 948 puto:
426 866 587 930 sententia
611 867 696 931 illius
719 867 858 948 notulis,
889 869 923 932 ni
947 867 1056 944 fallor,
1089 869 1248 933 hocloco

181 985 246 1048 est:
271 983 338 1050 dies
361 987 498 1070 lucipeta
522 985 653 1063 laetitio,
677 984 743 1050 dies
766 987 821 1068 qui
843 989 1035 1052 nouaeoitoc
1051 987 1179 1052 initium
1191 991 1246 1051 est.

182 1105 327 1187 (auctore
341 1102 548 1170 Oeconbono:
566 1105 709 1169 ‚natales
722 1105 847 1188 antiqui
861 1125 974 1171 omnes
987 1107 1147 1171 vocarunt
1159 1105 1243 1183 dies,

180 1225 314 1304 propter
344 1223 488 1306 aliquam
519 1224 676 1288 laetitiam
704 1224 881 1304 insignem,
908 1225 969 1290 sibi
995 1223 1248 1309 solemnes.¹’)-

180 1340 249 1404 Nisi
273 1341 372 1407 verba
396 1361 481 1424 quae
506 1343 599 1427 (769)
610 1345 810 1426 sequuntur:
838 1344 1064 1427 »dateaquam
1077 1344 1247 1409 manibus:

181 1460 293 1542 ponite
315 1460 482 1527 mensam'’
506 1462 759 1545 dittographiam
784 1463 974 1546 contineant
997 1485 1026 1529 v.
1054 1463 1249 1541 759,inte1-
1341 1504 1344 1509 -

56 1632 58 1638 s
156 1579 317 1660 'legenda
353 1582 431 1663 sunt
463 1581 704 1663 deputatione,
729 1601 814 1664 quae
846 1583 920 1664 post
944 1583 1110 1665 propriam
1134 1601 1249 1646 cenam

181 1697 294 1762 haberi
317 1700 456 1776 solebat;
483 1701 540 1765 sed
564 1701 616 1765 vix
639 1703 726 1764 recte
745 1700 897 1782 primum,
923 1701 1001 1783 quia
1024 1700 1164 1766 formula
1183 1715 1249 1768 κατὰ

179 1833 279 1904 χειρὸς
302 1831 382 1902 ὕδωρ
402 1822 450 1883 est
474 1820 603 1885 initium
627 1820 819 1902 epularum,
853 1839 952 1901 porro
977 1819 1067 1901 quod
1091 1819 1133 1883 ad
1158 1839 1248 1884 com-

181 1938 383 2020 putationem
409 1959 541 2004 mensae
573 1959 640 2004 non
671 1940 841 2022 ponuntur
871 1939 928 2002 sed
960 1940 1185 2016 removentur,
1219 1940 1251 2002 et

180 2058 292 2138 negari
316 2077 383 2122 non
406 2058 514 2140 potest
538 2078 653 2123 cenam
676 2058 856 2123 admodum
880 2057 1012 2123 brevem
1036 2057 1144 2122 fuisse.
1158 2095 1203 2105 -

124 2280 126 2284 Α
228 2297 309 2360 V:b
337 2297 449 2382 (778).
474 2295 668 2362 Conuiuium
691 2296 858 2379 superiore
888 2315 987 2360 scena
1011 2296 1163 2378 coeptum
1188 2296 1250 2360 hac

182 2416 403 2481 continuatur.
442 2417 570 2483 Interea
609 2417 696 2482 clara
736 2434 814 2480 voce
855 2415 981 2480 eiulans
1015 2415 1090 2479 leno
1131 2415 1249 2496 prodit,

182 2535 400 2599 miserrimum
434 2555 468 2599 se
503 2536 670 2601 hominem
706 2554 776 2624 esse
810 2534 1018 2617 praedicans,
1045 2552 1146 2615 seque
1169 2532 1252 2596 dolis

183 2655 289 2720 Toxili
311 2656 408 2738 plane
425 2655 572 2738 periisse:
600 2674 713 2720 omnes
729 2655 933 2719 insidiatores
945 2672 1022 2717 suos
1035 2652 1251 2717 communiter
1342 2642 1345 2647 ’

130 2861 132 2867 ⁴
183 2795 222 2840 ac
268 2774 422 2839 Toxilum
463 2775 639 2856 separatim
679 2774 858 2838 detestatus
899 2773 1000 2853 atque
1045 2773 1259 2868 exsecratus,

182 2896 340 2959 imimicos
364 2914 441 2960 suos
463 2894 566 2959 hilare
590 2893 760 2975 epulantes
784 2891 957 2976 conspicit:
984 2889 1037 2953 rix
1055 2890 1156 2954 oculis
1180 2890 1247 2954 suis

76 2993 78 2996 Δ
117 3101 119 3107 k
184 3015 283 3081 fidem
318 3014 444 3079 habens
478 3011 728 3076 admirationem
763 3011 808 3074 sic
845 3008 1027 3091 eloquitur:
1067 3005 1142 3069 „Set
1171 3005 1250 3087 quid

130 3141 134 3147 “
189 3154 267 3216 „ego
302 3133 447 3216 aspicio?
483 3130 553 3197 Hoc
589 3130 679 3194 vide:
705 3149 790 3211 quae
819 3128 901 3193 haee
924 3125 1097 3205 fabulast‘?
1120 3123 1174 3206 pol
1198 3122 1250 3186 hic

190 3254 340 3337 „quidem
369 3251 518 3334 potant:
565 3246 790 3330 adgredibor.’'
836 3245 963 3313 Dictum
996 3243 1138 3309 factum:
1176 3243 1279 3307 leno·

185 3373 310 3438 accedit
335 3373 366 3436 et
392 3370 543 3454 potantes
567 3368 754 3450 alloquitur.
793 3351 872 3430 Inde
897 3365 940 3430 ab
966 3362 1124 3428 hocloco
1149 3381 1253 3443 usque

186 3493 228 3558 ad
260 3492 360 3557 finem
393 3489 472 3555 nihil
502 3489 568 3552 fere
592 3487 752 3552 habemus
774 3485 836 3549 nisi
861 3473 1141 3549 coacervationem
1165 3481 1253 3544 ioco·

149 3670 155 3685 ,
187 3631 261 3677 rum
296 3612 328 3674 et
349 3609 558 3673 dicteriorum
581 3626 601 3671 a
625 3605 767 3671 convivis
791 3601 825 3668 in
849 3603 1002 3668 Toxilum
1014 3601 1250 3666 contortorum.

233 3730 397 3794 Tenorem
428 3727 526 3792 huius
561 3744 677 3790 scenae
700 3724 824 3788 attente
848 3720 1132 3787 considerantibus
1156 3718 1249 3782 facile

20 3874 26 3887 ·
126 3912 131 3922 ,
187 3849 282 3912 nobis
317 3846 488 3931 apparebit
522 3864 589 3909 non
625 3862 694 3906 esse
730 3843 799 3906 eius
837 3841 1067 3923 argumentum
1092 3856 1196 3902 unum
1222 3837 1254 3900 et

188 3968 275 4031 recte
294 3962 501 4043 conclusum,
527 3962 702 4028 desiderari
722 3981 819 4044 quam
843 3961 940 4041 vulgo
954 3959 1114 4023 unitatem
1126 3956 1250 4020 dicunt.

56 4128 59 4135 ·
187 4087 275 4152 Leno
300 4087 475 4169 postquam
499 4081 775 4166 appropinquavit
797 4081 829 4144 et
853 4080 1004 4143 convivas
1028 4074 1190 4141 allocutus
1205 4075 1253 4138 est

191 4206 297 4291 (789),
333 4205 377 4269 ab
413 4205 463 4268 bis
493 4223 550 4286 per
574 4201 752 4268 ludibrium
775 4199 864 4265 adire
889 4197 1020 4263 iubetur
1045 4196 1138 4278 eique
1162 4195 1252 4258 locus
