3046 4966
735 543 778 607 23

219 733 402 813 pravatum,
428 735 625 801 Ritschelius
651 733 765 815 explet,
782 735 951 800 addendo:
967 733 1290 823 [Edictumstmihip

216 859 393 932 'sequentes
416 854 462 917 sic
486 854 633 918 exhibet:

187 978 190 985 '
262 968 309 1032 Ne
345 969 405 1053 hoc
446 971 624 1054 quoiquam
663 971 785 1034 homini
811 972 982 1051 edicerem,
1009 990 1121 1035 omnes
1146 972 1228 1036 muti
1253 973 1290 1035 ut

950 1092 1165 1174 loquerentur
1188 1093 1287 1172 prius

263 1206 297 1271 P.
330 1207 406 1272 Mihi
446 1228 578 1292 quoque
603 1210 777 1274 edictdmst
807 1229 1016 1292 magnopere,
1044 1214 1085 1273 ne
1109 1211 1288 1293 quoiquam

465 1342 467 1347 ’
963 1329 1085 1392 homini
1112 1329 1284 1394 crederem.

263 1444 394 1509 'Omnes
426 1448 505 1511 muti
543 1448 591 1512 uti
625 1447 839 1529 loquerentur
875 1450 965 1529 prius
1002 1447 1065 1511 hoc
1089 1465 1191 1529 quam
1216 1465 1283 1528 ego.

932 1566 963 1629 S.
990 1567 1034 1630 At
1058 1567 1094 1630 tu
1119 1565 1181 1630 hoc
1205 1565 1282 1658 lace.

170 1743 173 1751 .
217 1681 363 1747 Goetains
388 1683 449 1748 hoc
474 1684 544 1748 loco
569 1685 689 1783 cogitat
714 1685 754 1749 de
779 1684 1009 1767 dittographia,
1035 1685 1133 1748 etiam
1154 1686 1287 1767 propter

219 1800 352 1865 verbum
389 1803 514 1877 oddae,
542 1805 630 1886 quod
656 1823 814 1887 umquam
839 1802 986 1868 adhiberi
1010 1822 1069 1884 pro
1093 1802 1211 1884 eloqui,
1237 1803 1286 1866 vel

216 1919 351 1986 educare
374 1924 482 2003 negat,
507 1941 572 2004 qua
598 1923 639 1987 de
664 1942 697 1986 re
719 1923 896 1987 assentitur
909 1922 1095 2006 Lamponius
1108 1919 1173 2006 (pg.
1192 1920 1284 2004 191).

217 2039 363 2106 conans
387 2041 446 2105 hos
471 2060 582 2105 versus
607 2043 651 2107 sic
676 2042 845 2106 restituere
869 2041 953 2106 vult:

261 2157 295 2223 P.
334 2159 420 2238 Quid
459 2161 618 2243 estquod
655 2162 807 2225 metuas?
832 2160 862 2227 S.
891 2156 990 2224 ‘Idem
1015 2160 1098 2223 istuc
1121 2159 1211 2241 quod
1238 2161 1282 2223 tu.

663 2279 698 2346 P.
725 2279 783 2344 Dic
807 2297 894 2360 ergo.
920 2278 953 2343 S.
980 2279 1024 2342 At
1048 2278 1099 2341 dic
1124 2279 1159 2342 tu
1184 2258 1281 2359 prius

261 2397 296 2462 P.
343 2389 534 2463 'Edictumst
574 2402 771 2481 magnopere
813 2398 900 2474 mihi,
945 2417 985 2461 ne
1008 2399 1188 2479 quoiquam
1223 2397 1284 2460 hoc

960 2516 1083 2580 homini
1108 2515 1282 2579 crederem.

262 2635 392 2699 'Omnes
429 2636 510 2701 muti
547 2638 595 2700 uti
629 2637 840 2718 loquerentur
877 2638 968 2717 prius
994 2636 1056 2699 boc
1081 2654 1182 2717 quam
1213 2653 1280 2715 ego.

895 2755 926 2818 S.
953 2756 987 2818 at
1012 2754 1048 2818 tu
1074 2753 1135 2817 hoc
1160 2753 1229 2816 face
1248 2750 1281 2834 ¹).

214 2873 343 2940 Arrid'et
385 2873 518 2956 quidem
555 2874 632 2938 mihi
664 2874 744 2939 haec
767 2872 902 2938 ¹(loetzii
925 2847 1132 2950 coniectura,
1170 2891 1283 2937 verum

215 3014 278 3059 una
304 2997 432 3060 tanturn
459 3015 509 3060 res
533 2996 620 3060 hanc
645 2993 797 3077 amplecti
822 2991 1001 3078 prohibete
1016 2993 1078 3086 hac
1096 2976 1283 3055 coniectura

213 3114 354 3178 admissa
389 3109 569 3196 amittimus
608 3113 704 3197 plane
739 3112 819 3178 illud
858 3132 940 3195 »par
962 3113 1031 3194 pari
1058 3109 1280 3194 respondere”‚

212 3233 300 3314 quod
325 3234 357 3297 in
382 3233 443 3298 hae
467 3253 564 3298 scena
590 3233 658 3298 tam
687 3251 783 3315 saepe
807 3232 999 3309 invenimus
1025 3231 1179 3313 quodque
1200 3217 1283 3293 alter

135 3408 137 3414 .
212 3350 303 3415 alteri
318 3349 439 3416 ‘obiicit
464 3351 524 3433 (vs.
551 3351 642 3432 993).
667 3388 669 3393 -

126 3446 128 3451 ’
212 3470 384 3547 Praeterea
419 3471 499 3554 puto
534 3470 638 3535 levius
677 3468 880 3546 medicamen
917 3467 1053 3531 inveniri
1071 3467 1282 3549 possentque

212 3588 352 3652 minimis
388 3589 625 3655 mutationibus
661 3587 814 3651 adhibitis
849 3586 971 3650 bonam
1007 3585 1202 3649 sententiam
1235 3584 1280 3646 sic

212 3708 376 3789 praeberi:

258 3827 313 3891 Pl.
343 3826 429 3905 Quid
454 3818 515 3902 est,
544 3828 632 3909 quod
657 3804 811 3892 metuas?
839 3823 933 3888 Sorn.
961 3821 1060 3885 'Idem
1083 3822 1166 3884 istuc
1192 3820 1279 3902 quod

537 3949 580 4010 tu:
610 3944 659 4010 Pe.
689 3945 771 4031 [Tri]
797 3943 847 4007 dic
873 3961 949 4033 ergo
974 3938 1083 4024 [mihi]
1107 3937 1184 4020 quid
1209 3936 1279 4001 estl

249 4213 265 4272 ¹)
285 4209 405 4264 Goetz:
426 4208 494 4263 Acta
513 4207 611 4290 Societ.
629 4207 726 4262 Philol.
745 4205 816 4278 Lipe.
836 4205 909 4259 Tem.
929 4203 968 4257 Vl
987 4220 1030 4273 pg.
1049 4202 1107 4256 235.
