3046 4966
737 492 781 555 92

263 675 403 746 Subtilis‘
422 700 637 764 personarum
656 701 786 748 morum
803 682 977 764 descriptio
991 682 1048 747 tali
1060 683 1172 748 fabula
1185 683 1296 748 aliena

216 801 285 876 est,
316 799 422 881 'atque
454 801 591 863 materia
623 800 720 864 nimis
752 820 810 882 per
836 799 976 864 humum
1003 801 1103 883 repit,
1129 821 1231 882 quarn
1257 804 1296 866 ut

216 917 337 982 alicubi
363 917 570 982 excelsiorem
596 919 744 982 animum
766 920 800 982 in
825 918 892 982 ulla
915 938 1055 1000 persona
1083 939 1292 1002 quaeramus.

264 1037 361 1116 Virgo
397 1037 507 1099 tamen
540 1037 689 1118 proprios
721 1037 782 1101 sibi
812 1055 921 1100 mores
952 1037 1069 1113 habet;
1096 1038 1295 1119 sapientiam

218 1154 482 1235 intempestivam
521 1154 621 1236 atque
657 1157 902 1236 praeposteram
926 1174 1005 1235 prae
1030 1175 1065 1220 se
1091 1155 1163 1234 fert,
1188 1175 1291 1238 quae,

218 1273 322 1335 sciens
354 1272 465 1335 omnia
488 1272 521 1335 in
546 1273 688 1354 speciem
713 1273 796 1345 fieri,
824 1274 893 1336 tarn
917 1274 1001 1336 serio
1025 1274 1153 1356 patrem
1178 1274 1295 1338 admo·

218 1391 305 1454 neat.
354 1391 392 1454 In
428 1391 540 1453 oculos
573 1391 709 1454 incurrit
735 1410 806 1454 eam
831 1410 901 1454 esse
928 1411 1104 1472 personam
1128 1392 1293 1456 Atticam:

217 1509 423 1590 sapientiam,
448 1509 711 1591 intempestivam
738 1511 947 1590 praesertim,
974 1530 1052 1592 prae
1073 1529 1108 1573 se
1126 1509 1209 1573 terre
1226 1529 1294 1573 non

218 1629 288 1689 erat
313 1629 540 1690 matronarum
565 1629 623 1690 aut
648 1626 834 1708 puellarum
859 1629 1106 1703 Romanarum
1122 1629 1192 1691 sed
1208 1628 1295 1691 ludi·

219 1745 291 1809 brio
340 1745 460 1809 habere
507 1747 701 1828 sapientiam
746 1746 786 1809 de
821 1746 948 1820 schola,
989 1746 1296 1828 philosophiamque

219 1863 353 1927 irridere
382 1865 448 1927 iam
480 1864 555 1927 inde
589 1863 631 1927 ab
656 1863 877 1944 Aristophane
901 1865 1016 1928 Atticis
1040 1864 1172 1928 comicis
1199 1863 1294 1927 fami.

218 1981 307 2045 liare.
357 1980 573 2064 philosophos
615 2000 636 2045 a
671 1981 802 2045 comicis
837 1981 953 2045 Aluus
983 1964 1129 2044 ‘ludibrio
1164 1979 1295 2044 habitos

219 2119 289 2163 esse
313 2100 392 2163 satis
415 2101 561 2164 constat:
593 2099 706 2181 procul
733 2098 833 2162 dubio
861 2101 893 2161 in
923 2097 1044 2174 fabula,
1071 2098 1159 2161 unde
1182 2100 1295 2161 nostra

220 2218 377 2298 originem
406 2218 548 2299 accepit,
580 2217 661 2281 haec
687 2237 737 2279 res
762 2217 866 2280 multo
890 2217 1006 2279 melius
1030 2215 1200 2281 elaborata
1223 2215 1293 2279 luit.

219 2337 256 2400 In
281 2335 462 2399 minoribus
486 2354 618 2417 quoque
649 2334 746 2398 rebus
772 2335 904 2414 vestigia
929 2335 1061 2414 originis
1085 2335 1212 2399 Atticae
1228 2354 1294 2399 non

220 2455 357 2530 desunt,
384 2456 420 2517 ut
438 2455 573 2518 nomina
589 2454 730 2516 duorum
748 2453 942 2517 saltatorum
959 2453 1146 2516 lonicorum
1163 2452 1293 2533 Hegeae

139 2625 142 2632 .
220 2575 253 2656 et
276 2572 409 2636 Diodori
435 2571 503 2635 824
529 2573 561 2634 et
586 2572 672 2635 826:
701 2568 876 2655 (5:2243
903 2572 935 2633 et
948 2570 1130 2655 45lzmira
1146 2572 1208 2635 ista
1224 2571 1294 2648 dos,

220 2709 320 2773 quam
356 2690 518 2770 parasitos
555 2688 640 2752 filiae
680 2707 760 2752 suae
797 2689 875 2752 dare
912 2689 1090 2770 promittit:
1130 2688 1295 2752 distinctio

220 2810 282 2873 ista
306 2809 490 2873 Siculorum
516 2808 548 2871 et
571 2808 756 2872 Atticorum
779 2806 930 2886 logorum
956 2807 1022 2869 395
1046 2805 1083 2887 (3
1100 2825 1106 2868 :
1124 2808 1139 2869 l
1156 2828 1163 2869 :
1179 2805 1294 2887 67).-
1344 2878 1348 2885 ,

269 3161 356 3225 Haec
391 3162 490 3225 habui
529 3180 615 3243 quae
653 3161 794 3225 dicerem
825 3161 866 3224 de
891 3160 1000 3225 Plauti
1024 3161 1142 3225 Persa:
1168 3179 1294 3242 nequa-

221 3300 321 3364 quam
357 3268 520 3345 contendo
557 3280 685 3359 omnia,
723 3298 808 3361 quae
845 3280 886 3344 de
922 3299 957 3342 re
993 3280 1061 3344 tarn
1086 3278 1208 3344 difficili
1232 3278 1295 3344 dici

221 3403 363 3484 possint,
390 3421 482 3467 ame
511 3401 641 3484 prolata
666 3420 751 3475 esse,
780 3419 888 3489 neque
911 3419 1043 3482 sperare
1067 3418 1201 3480 possum
1226 3397 1294 3462 lore

221 3523 259 3584 ut
283 3521 394 3586 omnia
416 3521 497 3585 haec
521 3521 596 3584 viris
620 3520 723 3584 doctis
747 3517 945 3601 probentur:
971 3519 998 3580 si
1018 3517 1117 3581 modo
1134 3516 1294 3581 nonnulla

222 3640 428 3703 invenientur
458 3640 492 3702 in
522 3639 584 3704 hoc
608 3638 780 3703 conamine
804 3655 888 3715 meo,
914 3656 998 3719 quae
1024 3635 1294 3718 approbationem

221 3757 364 3821 virorum
399 3757 573 3822 doctorum
611 3757 852 3834 nanciscantur,
892 3755 982 3819 haud
1006 3754 1148 3836 suscepti
1173 3753 1295 3817 laboris

222 3875 351 3957 pigebit.

651 4091 861 4098 ——..
