3046 4966
737 539 779 602 36

267 728 305 792 T.
331 726 383 793 'At
406 728 491 793 clare
515 731 659 794 recitato.
686 729 723 792 D.
749 729 836 794 Tace
861 731 940 795 dum
965 730 1102 814 pellego.
1128 730 1166 795 T.
1195 729 1294 794 Haud
1359 749 1361 754 ’

997 869 1056 930 ego
1080 849 1233 913 multiam
1254 845 1294 933 ¹),

266 966 332 1029 515
371 964 429 1052 (42
446 968 465 1031 3
482 986 488 1030 :
503 967 572 1050 lo).
608 967 798 1034 Ritsclrelius
828 970 917 1034 hunc
943 988 1074 1033 versum
1100 969 1186 1033 inter
1204 974 1292 1032 'con-

220 1085 328 1150 tinuos
375 1086 555 1151 trochaicus
592 1087 637 1151 sic
673 1088 768 1169 legit:

267 1205 474 1289 Nequiquam
489 1207 545 1271 tibi
568 1207 715 1271 Fortuna
727 1207 868 1272 faculam
879 1207 1025 1272 lucrifica
1038 1206 1190 1271 adlucere
1206 1205 1292 1269 volt:

220 1320 331 1408 ibique
369 1326 523 1390 adnotat:
570 1326 765 1391 »iambicum
801 1327 987 1391 convertere
1024 1327 1057 1390 in
1089 1326 1294 1391 trochaicum

84 1470 87 1478 ·
221 1443 349 1509 nescii.'’
396 1446 517 1510 Verum
552 1446 759 1511 doctissimus
783 1446 831 1510 111
855 1447 924 1528 ipse
950 1445 1121 1510 nobiscum
1147 1463 1295 1508 commu-

82 1566 92 1632 1
222 1565 310 1629 nicat
345 1565 375 1628 A
410 1564 532 1629 habere
558 1585 786 1648 nequequam,
843 1614 846 1620 .
1158 1545 1160 1549 ¹

221 1683 308 1747 Turn
344 1702 457 1747 omues
493 1683 567 1748 libri
590 1684 714 1749 habent
737 1661 913 1766 lucrificare
937 1705 995 1767 pro
1022 1683 1177 1764 lucrifica.
1224 1680 1312 1745 Hac·

222 1802 360 1867 lectione
396 1803 550 1890 admissa
567 1805 678 1869 omnia
701 1805 823 1888 optime
848 1825 881 1868 se
905 1803 1040 1882 habent,
1066 1821 1173 1886 neque
1200 1800 1294 1884 quid-

223 1941 325 2004 quam
348 1923 563 1988 mutandum:
1173 1894 1178 1903 ’

266 2041 487 2126 Nequaquam
496 2043 708 2108 tibiFortcina
717 2041 1045 2108 faculamldcrificam
1054 2039 1205 2105 adlucere
1214 2038 1293 2103 volt.

225 2164 333 2246 Neque
351 2163 616 2244 coniungendum
633 2164 681 2227 est
693 2164 842 2227 cumaeis
854 2182 871 2226 e
883 2181 978 2258 versu
991 2159 1222 2244 praecedente:

225 2303 320 2365 quum
343 2271 558 2365 lauriacum..
576 2329 606 2346 ..
633 2281 696 2346 uolt
720 2284 768 2346 est
791 2281 939 2364 quaestio
964 2280 1132 2344 indirecta.
1159 2275 1184 2363 2)
1262 2352 1264 2357 ,

272 2516 351 2580 530.
377 2515 432 2596 (4²
449 2515 467 2578 3
482 2536 490 2578 ;
505 2514 571 2596 61).
598 2511 794 2577 Ritsohelius
819 2513 852 2575 in
877 2510 1017 2575 editione
1041 2529 1101 2573 sua
1124 2508 1234 2573 dedit:

257 2636 311 2701 .T.
347 2636 417 2699 Iam
441 2633 493 2697 hic
515 2632 613 2697 credo
639 2632 756 2695 aderit:
783 2631 947 2696 arcessivit
972 2629 1062 2693 illem
1086 2648 1105 2692 a
1131 2629 1214 2692 navi.
1254 2626 1293 2692 D.

1039 2747 1093 2811 Nil
1116 2747 1161 2810 mi
1186 2745 1293 2828 opust.

225 2875 386 2959 Equidem
428 2893 580 2957 praesens
611 2870 768 2954 perfecto,
789 2870 930 2934 multum
972 2865 1120 2932 antefero
1158 2866 1190 2929 et
1226 2865 1296 2945 lego

227 3013 303 3060 cum
327 2995 377 3059 ed.
403 2993 541 3058 Gronov.

273 3114 310 3178 T.
337 3114 407 3179 Iam
426 3113 478 3176 hic
499 3112 595 3176 credo
616 3111 734 3176 aderit:
755 3108 845 3173 illam
865 3107 998 3172 arcessit
1018 3106 1135 3170 anari.
1152 3105 1189 3169 D.
1205 3102 1295 3168 Nihil

1021 3226 1099 3291 mihi
1124 3244 1206 3307 opus
1231 3224 1296 3288 est:
1344 3232 1347 3237 ⁴

228 3350 284 3415 ubi
320 3353 450 3418 tantum
483 3352 588 3439 metro
624 3349 811 3432 postulante
829 3346 920 3411 illum
942 3345 1071 3411 01000311
1099 3343 1297 3425 transposui.

276 3589 352 3652 531.
379 3586 434 3670 (42
451 3589 492 3653 3:
508 3585 577 3671 dt).
605 3585 660 3650 Ed.
689 3584 847 3650 Gronov.:
868 3581 1087 3666 quamobrem
1104 3601 1164 3663 ego
1177 3600 1296 3662 argen-

899 3701 971 3764 tum
994 3717 1164 3764 numerem
1187 3698 1297 3762 toras?

242 3818 452 3828 ——p—.—,-

264 3910 283 3968 ι)
300 3903 381 3958 Haud
408 3918 453 3974 epo
476 3901 587 3956 malliam
614 3916 647 3953 ex
673 3896 825 3953 coniectura
851 3914 909 3952 mea
935 3896 1048 3968 scripsi,
1081 3912 1129 3967 pro
1155 3912 1207 3967 quo
1237 3894 1298 3950 libri

228 3999 341 4056 habent:
359 3999 428 4054 haud
447 3999 545 4052 verbum
562 3998 666 4063 faciam

262 4098 281 4159 ²)
298 4095 396 4151 Verte:
423 4096 507 4150 unoch
532 4094 583 4149 hoe
609 4111 659 4149 een
678 4092 895 4164 winstgevenden
913 4089 1002 4145 fokkel
1024 4088 1056 4143 de
1074 4088 1175 4143 tortuin
1197 4104 1262 4141 voor
1283 4104 1302 4139 11

229 4192 347 4248 wenscbt
362 4196 389 4247 te
407 4191 558 4247 ontsteken.
