3046 4966
733 571 781 653 ινο
808 605 812 612 -

222 761 318 823 nimis
348 760 521 825 artificiosa
552 764 609 825 est.
642 761 784 842 Cogitant
817 764 926 843 posset
953 762 994 825 de
1018 760 1090 825 cibo
1116 761 1234 844 aliquo,
1263 764 1289 826 si

223 879 320 960 poete
343 897 383 942 ex
404 879 527 943 Graeco
551 879 698 962 exemplo
722 900 782 944 suo
798 879 849 974 'ad
881 877 1017 950 verbum
1032 896 1156 964 γαστήρ
1182 882 1289 944 trans-

224 996 359 1073 tulisset,
385 998 476 1062 cuius
500 998 563 1062 cibi
586 1000 715 1081 saepius
738 998 831 1089 apud¹
850 998 991 1060 comicos
1007 962 1147 1062 Graecos
1164 1000 1289 1063 mentio

223 1114 269 1188 fit,
296 1117 332 1192 ut
356 1115 450 1181 Arist.
489 1117 599 1181 Nubes
622 1120 669 1181 V'S.
697 1117 764 1181 409
789 1133 880 1184 ὀπτῶν
901 1131 1025 1201 γαστέρα
1046 1131 1106 1207 τοῖς
1130 1131 1289 1202 συγγενέσιν

222 1249 296 1302 καλ.
310 1236 347 1300 cf.
366 1236 498 1318 Equites
513 1237 611 1300 1179.
630 1236 771 1299 Homero
788 1238 920 1318 quoque
938 1237 989 1299 hic
1007 1235 1098 1299 cibus
1116 1236 1213 1299 notus
1226 1239 1288 1300 est:

225 1355 295 1418 Vide
328 1354 388 1418 Od.
426 1354 547 1418 18:44
578 1369 714 1439 γαστέρες
734 1363 788 1421 at'd
805 1366 890 1439 αἰγῶν
912 1366 982 1421 κέατ’
1004 1369 1032 1420 ἐν
1053 1367 1131 1437 πυρί.
1159 1367 1233 1420 κ.τ.λ·
1259 1357 1291 1418 θλ

225 1475 268 1538 20
282 1496 289 1536 τ
305 1474 348 1537 25
372 1490 413 1548 ὡς
433 1483 504 1539 δ’ἰτε
522 1483 636 1558 γαστέρ’
653 1485 728 1558 ἀνήρ
749 1488 848 1547 πολέος
866 1485 960 1556 πνρας
980 1486 1148 1554 αἰθομένοιο,
1163 1489 1289 1560 ἐμπλείην

223 1599 315 1678 κνίστγς
331 1627 362 1660 τε
380 1604 422 1661 καί
444 1605 578 1673 αἵματος,
593 1606 663 1662 ἔνθα
684 1604 726 1661 καί
748 1606 814 1662 ἔνθα
834 1605 928 1680 αἰόλλῃ
949 1607 1030 1660 κ.τ.λ.·
1317 1674 1319 1679 Ι

270 1715 343 1779 Una
367 1716 477 1779 autem
502 1734 552 1779 res
576 1715 652 1779 huic
675 1698 879 1797 explicationi
903 1714 1081 1795 repugnat:
1107 1713 1186 1777 recti
1208 1731 1289 1776 eon·
1357 1749 1359 1753 <

111 1877 117 1889 .
224 1832 331 1903 textus
354 1851 453 1897 causa
476 1833 624 1897 nondum
649 1834 688 1896 de
706 1852 772 1898 uno
790 1851 905 1913 genere
922 1834 1010 1896 certo
1027 1831 1174 1896 ciborum
1189 1831 1289 1895 verba

224 1951 376 2015 faciunda
414 1953 511 2016 erant
547 1952 672 2016 Toxilo.
721 1953 806 2016 Puto
842 1953 951 2035 'potius
987 1969 1117 2014 versum
1142 1949 1289 2033 Captivi-

225 2090 329 2150 orum,
354 2071 610 2153 supradictum,
636 2071 731 2136 nobis
755 2061 1007 2136 viam'indicare
1032 2070 1074 2132 ad
1099 2069 1186 2133 hunc
1217 2088 1287 2133 ver·

224 2209 298 2253 sum
322 2190 573 2270 emendandum,
598 2191 708 2272 itaque
733 2190 926 2272 legendum:

272 2309 315 2372 At
338 2309 431 2372 ede's:
456 2328 534 2372 nam
558 2310 624 2372 iam
647 2311 736 2374 intus
759 2309 882 2373 fe'rvent
904 2306 1032 2370 fumant
1058 2305 1173 2370 focula.
1197 2325 1198 2328 ’

225 2426 348 2491 Focale
379 2427 493 2490 eodem
524 2446 623 2490 sensu
654 2447 720 2509 quo
756 2426 851 2511 Gapt.
889 2427 972 2492 844:
1008 2444 1086 2488 vasa
1121 2424 1163 2488 ad
1199 2423 1287 2488 eibos

224 2545 405 2625 frigefactos
417 2545 726 2610 recalefacienda—
751 2546 844 2611 Talia
856 2547 1013 2628 asyndeta
1026 2544 1201 2609 verborum
1212 2562 1288 2624 cog-

225 2664 322 2726 natae
357 2664 599 2745 significationis
638 2684 734 2747 saepe
777 2665 866 2746 apud
905 2656 1062 2729 Plautum
1101 2665 1286 2728 occurrunt.

226 2780 342 2845 Bacch.
370 2782 447 2846 ⁰246
460 2780 494 2867 (d
510 2806 517 2847 :
534 2782 659 2864 3512).
684 2784 792 2862 Vivet,
817 2783 912 2846 valet.
938 2784 1005 2848 407
1026 2782 1061 2869 (3
1076 2805 1084 2846 ε
1101 2784 1119 2844 3
1134 2805 1142 2846 :
1157 2779 1193 2865 3)
1213 2800 1287 2863 per-

227 2902 324 2976 didit,
349 2903 577 2984 pessumdedit.
606 2903 668 2966 931
697 2901 732 2984 (d
747 2924 754 2966 :
770 2904 789 2967 9
805 2924 812 2966 :
828 2902 861 2986 7)
874 2903 944 2985 cepi
962 2901 1153 2985 expugnavi.
1179 2899 1286 2964 Casio.

227 3021 325 3084 uzo:
344 3021 384 3084 13
419 3023 505 3097 orat,
538 3020 697 3086 obsecrat.
723 3021 812 3103 Epid.
845 3022 1005 3085 1:a:15
1032 3020 1200 3101 defatigor,
1227 3017 1287 3082 dita

226 3137 321 3202 feror.
367 3139 451 3203 Men.
495 3140 654 3203 2:226]
692 3158 727 3202 se
762 3139 937 3220 adplicant,
963 3139 1179 3219 adglutinant.
1219 3128 1313 3201 Mus
1398 3200 1400 3206 .

115 3296 119 3305 ·
158 3349 162 3357 Ι
227 3257 384 3320 2:1:59
420 3257 622 3334 adhortatur,
658 3259 762 3322 iuvat
789 3259 881 3322 Trin.
906 3259 972 3321 285
1003 3255 1195 3342 (λελεῙΙ)
1219 3257 1288 3320 tur-

227 3374 325 3454 bant,
371 3377 516 3440 miscent.
562 3376 660 3441 Truc.
689 3377 732 3440 t:
749 3379 761 3440 1
781 3376 846 3440 :40
883 3376 1061 3453 Absterret,
1099 3374 1213 3454 abigit,
1257 3376 1287 3438 et

227 3493 331 3558 multa
354 3495 428 3559 alia.

277 3731 341 3796 108
368 3729 565 3818 (1:32u8).
592 3731 664 3796 libri
688 3733 775 3797 hunc
799 3750 930 3796 versum
954 3732 1130 3796 exhibent:

275 3852 308 3917 S.
339 3852 433 3935 Sapis
455 3852 596 3916 multum
619 3852 662 3916 ad
684 3843 824 3932 genium.
850 3851 931 3915 Tox.
957 3853 1004 3914 set
1029 3849 1146 3932 ecquid
1172 3850 1287 3912 memi-

469 3964 471 3968 Α
1102 3969 1178 4033 nisti
1202 3969 1288 4031 here.

229 4089 322 4153 Metri
354 4090 472 4153 indicio
506 4089 615 4171 aliquo
649 4088 808 4152 vocabulo
843 4087 896 4151 hic
921 4106 1068 4151 caremus
1092 4087 1180 4169 quod
1205 4087 1287 4149 alius

229 4207 323 4271 aliter
346 4208 472 4290 expiere
496 4209 634 4272 conatus
658 4207 724 4270 est:
