3046 4966
747 561 789 622 91

284 754 349 816 917
377 752 412 832 (9
429 775 436 815 :
452 754 471 815 9
487 771 493 814 3
512 751 575 829 35).
605 750 692 812 Libri
722 749 766 810 sic
795 749 936 813 habent:
1423 832 1426 836 .

282 871 333 934 Se.
374 871 420 934 Eo
450 888 509 949 ego
545 868 620 931 hinc
656 867 745 930 haud
778 867 882 948 longe.
920 869 993 932 Pac.
1022 869 1064 946 Et
1086 870 1218 950 quidem
1244 889 1302 950 ego

507 1001 509 1005 ·
640 987 729 1051 haud
750 985 856 1066 longe.
883 985 936 1051 Se.
962 1007 1028 1069 quo
1054 1007 1147 1067 erge,
1174 989 1303 1052 scetus?

234 1108 371 1172 Versum
395 1079 448 1172 viti
471 1109 633 1189 integrum
657 1108 702 1170 sic
726 1107 856 1190 explere
880 1107 991 1170 velim:

281 1227 332 1290 So.
371 1227 427 1290 Ἐο
468 1246 527 1307 ego
564 1227 639 1289 binc
663 1226 753 1290 baud
776 1226 883 1308 longe.
909 1226 985 1290 Pae.
1011 1223 1060 1289 'Et
1084 1225 1216 1308 quidem
1242 1245 1301 1307 ego

466 1365 505 1410 eo
529 1346 604 1409 binc
628 1345 719 1410 haud
744 1345 847 1427 longe.
876 1346 928 1409 Se.
956 1341 1026 1421 Quo
1053 1349 1147 1426 erge,
1175 1345 1302 1410 scelus?

233 1463 431 1528 Bitschelius
454 1462 567 1546 paullo
593 1464 687 1529 aliter
709 1464 808 1545 legit:

279 1583 333 1648 Se.
360 1583 415 1647 'Eo
440 1603 499 1663 ego
524 1583 606 1648 haut
629 1584 734 1664 longe.
761 1583 837 1646 Par.
863 1581 913 1647 ‘Et
935 1583 1069 1673 quidem
1093 1603 1152 1664 ego
1169 1603 1206 1647 eo
1220 1584 1302 1649 haut

624 1702 728 1783 lenge.
756 1701 808 1766 So.
837 1701 910 1780 Quo
937 1722 1012 1784 ergo
1038 1705 1144 1782 tuis,
1172 1707 1302 1771 scelus?

279 1920 345 1982 990
370 1919 404 1999 (9
419 1941 426 1982 :
442 1920 461 1982 9
476 1939 483 1979 t
501 1917 571 2000 38).
598 1915 686 1979 Libri
710 1915 795 1979 hanc
820 1915 993 1980 lectionem
1017 1917 1193 1998 praebent:

277 2039 313 2101 P.
352 2038 498 2101 Itanest?
534 2036 566 2099 S.
600 2034 748 2097 tranestr
782 2033 819 2097 P.
847 2031 966 2098 Mala's.
992 2034 1025 2098 S.
1053 2034 1233 2103 Scelesiu's.
1260 2039 1297 2103 P.

584 2152 685 2216 Decet
709 2171 771 2216 me.
799 2151 831 2216 S.
859 2150 906 2215 Me
931 2153 1064 2235 quidem
1087 2154 1177 2219 haud
1194 2157 1295 2223 decet.

230 2276 336 2340 Facile
347 2273 547 2354 intellegitur
557 2270 674 2335 ultima
686 2271 784 2335 verba
797 2270 925 2336 clarum
937 2291 1070 2337 sensum
1085 2293 1153 2338 non
1165 2276 1297 2356 habere,

228 2414 328 2476 quam
365 2393 407 2456 ob
444 2411 511 2455 rem
537 2390 619 2454 alius
643 2390 742 2454 aliam
766 2389 992 2455 coniucturarn
1020 2392 1126 2470 dedit;
1152 2393 1296 2476 legatur:

275 2513 311 2576 P.
352 2512 502 2577 itemst?
538 2511 571 2575 S.
609 2511 756 2574 Itanest?
779 2510 814 2573 Ρ.
843 2509 963 2576 Mala’s.
990 2512 1023 2576 S.
1051 2513 1231 2581 Scelestu’s
1258 2516 1294 2582 P.

415 2630 515 2694 De'cet
550 2649 612 2694 me.
651 2627 683 2692 S.
724 2627 836 2712 Neque
872 2631 959 2695 idem
995 2652 1048 2696 me
1072 2634 1162 2699 haud
1195 2635 1296 2701 decet.

228 2753 280 2815 Sic
320 2749 409 2814 baud
436 2748 578 2813 multum
602 2768 622 2812 a
646 2748 807 2812 librorum
831 2749 993 2832 scriptura
1017 2751 1250 2835 discrepamus.
1270 2753 1295 2839 ¹)

272 2955 391 3017 Versus
405 2953 482 3031 995,
501 2952 568 3016 996
581 2955 613 3017 et
627 2953 693 3018 997
708 2953 741 3036 (9
758 2976 766 3017 z
781 2955 800 3050 9
816 2976 823 3018 :
838 2955 991 3039 43-45)
1002 2956 1199 3023 Ritschelius
1213 2961 1297 3025 inter

226 3073 398 3136 continuos
416 3071 597 3136 trochaicos
614 3071 769 3136 iambicos
783 3071 867 3135 fecit.
884 3109 927 3118 -
949 3071 984 3136 C.
1008 3074 1041 3137 P.
1066 3075 1115 3139 W.
1140 3077 1296 3143 Miiller

261 3351 278 3412 ¹)
296 3350 329 3405 R.
348 3350 378 3405 Ρ.
392 3350 518 3405 Itanest?
535 3349 561 3406 S.
580 3351 705 3405 itanest?
724 3350 754 3405 P.
774 3350 869 3406 Mala‘s
889 3353 915 3406 S.
934 3352 1078 3407 Scelestu's
1092 3355 1122 3409 P.
1140 3356 1224 3412 Decet
1244 3377 1294 3412 me.

856 3447 883 3501 S.
901 3447 947 3502 Me
968 3448 1074 3520 quidem
1093 3450 1157 3506 item
1175 3452 1293 3509 addecet

224 3545 371 3599 Rostius
386 3549 495 3599 auctore
517 3546 637 3598 oratorio
653 3560 743 3615 opusc.
761 3560 804 3614 pg.
823 3543 889 3597 2642

257 3641 286 3695 P.
307 3641 431 3696 Itanest?
450 3641 477 3695 S.
494 3639 621 3694 Itanest?
641 3639 671 3692 P.
682 3637 757 3693 Mala
776 3656 804 3692 ca
822 3638 849 3692 S.
867 3637 993 3693 Scelesta
1011 3639 1041 3694 P.
1054 3641 1099 3695 Mc
1122 3643 1199 3698 decet
1211 3645 1237 3698 S.
1249 3645 1294 3700 Mc

1087 3738 1157 3794 baud
1175 3739 1293 3796 dedecet.

255 3834 304 3888 ›Gu
314 3840 387 3906 yet:
411 3836 438 3886 P.
459 3831 586 3888 Itanest?
606 3829 623 3884 S
650 3831 772 3885 Itancst?
789 3831 817 3886 Ρ,
829 3830 908 3886 Mala.
927 3833 1091 3888 S.Scelcste.
1108 3836 1138 3891 P.
1149 3836 1234 3891 Decet
1244 3855 1292 3892 me.

907 3931 934 3983 S.
956 3930 1001 3984 Me
1019 3949 1088 4002 quur
1107 3932 1177 3986 haud
1196 3932 1294 3988 dccet?

259 4027 288 4084 F.
308 4027 377 4082 Leo
396 4026 550 4093 (Lectiones
568 4026 719 4089 Plautinae)
741 4024 824 4080 altera
839 4016 1292 4097 aedepositonevimaffirmativam

192 4162 195 4169 .
222 4126 346 4181 attribuit
363 4143 446 4197 aeque
467 4129 547 4196 atque
562 4123 647 4178 eidem
667 4122 812 4194 particulae
834 4141 858 4178 v.
877 4123 937 4180 att.
956 4125 1043 4194 Igitur
1062 4126 1156 4182 babet:

257 4223 278 4275 P
306 4222 433 4276 Itanest?
453 4221 477 4272 S.
498 4219 602 4274 Itcncst
620 4226 664 4274 cat.
