3046 4966
737 505 781 570 74

224 694 295 757 tum
318 696 491 777 praebent
526 701 563 764 ut
598 701 636 765 iis
671 718 802 783 quoque
834 701 974 783 suspicio
999 701 1150 765 universa
1174 702 1297 766 confir-

224 813 360 879 metur.”
388 816 462 895 Quo
486 819 566 884 nihil
592 818 719 884 verius!
744 821 795 884 Vs.
824 821 885 884 731
915 820 948 883 et
975 820 1050 897 732,
1079 820 1135 886 ubi
1161 821 1236 885 leno
1261 822 1297 885 in

224 949 356 1000 scenam
395 937 523 1002 rediens
564 938 661 1004 rerba
696 938 774 1004 facit
808 940 851 1004 ad
886 941 1040 1006 Toxilum
1076 942 1118 1005 de
1141 940 1297 1023 squalore

224 1053 356 1119 aedium
380 1074 515 1122 suarum
539 1059 571 1123 et
594 1057 811 1142 supellectilis,
836 1061 948 1125 nostro
973 1061 1044 1125 loco
1068 1060 1147 1125 nihil
1162 1060 1204 1124 ad
1225 1077 1298 1123 rem

225 1173 396 1255 pertinent
446 1177 668 1242 Veruntamen
700 1178 800 1242 cuivis
832 1181 1041 1263 perspicuum
1065 1182 1113 1245 est
1137 1180 1197 1244 hos
1223 1197 1296 1242 rer-

225 1311 280 1357 sus
304 1295 548 1376 quodammodo
572 1298 733 1379 explicare
764 1317 822 1362 cur
848 1299 925 1364 leno
941 1299 1108 1365 secesserit
1124 1301 1156 1365 et
1173 1299 1297 1381 optime

227 1414 402 1478 convenire
444 1434 519 1480 cum
557 1417 622 1481 ma
662 1414 785 1498 (nattat
810 1418 930 1483 oblitus
955 1402 1040 1483 sum
1054 1419 1143 1483 intus
1168 1417 1298 1483 dudum
1358 1502 1360 1506 v
1389 1416 1392 1420 ’

226 1529 350 1597 edicere
386 1554 471 1618 quae
507 1537 595 1602 volui
619 1533 771 1621 edieta’').
799 1538 866 1602 Aut
892 1542 1034 1621 utroque
1055 1537 1128 1602 loco
1153 1535 1235 1623 (777
1261 1540 1297 1603 et

222 1649 309 1739 731)
335 1657 393 1721 aut
416 1659 534 1722 neutro
560 1628 682 1740 aliquid
707 1657 937 1722 omittendum.
962 1657 1060 1735 Quod
1079 1657 1107 1721 si
1123 1658 1297 1721 servantur

226 1787 354 1852 versus,
391 1776 619 1859 interponatur
650 1776 774 1859 aliquid
798 1795 928 1841 necesse
952 1778 1020 1855 est,
1045 1777 1076 1841 et
1100 1777 1196 1860 plura
1219 1776 1295 1858 qui-

225 1887 301 1954 dem
323 1909 423 1975 quam
447 1915 531 1979 quae
555 1915 643 1962 nunc
668 1897 804 1963 adsunt:
831 1897 912 1961 haec
936 1897 1023 1960 enim
1048 1897 1093 1961 ita
1117 1897 1200 1960 levia
1216 1897 1317 1961 sunt.

225 2008 262 2072 ut
297 2011 473 2081 discessum
507 2016 635 2080 lenonis
666 2036 733 2081 non
757 2018 836 2081 satis
860 2015 1032 2098 explicent.
1080 2015 1148 2096 Ego
1173 2014 1294 2079 inclino

141 2176 145 2185 .
224 2126 258 2190 in
281 2129 367 2197 hanc
391 2135 517 2215 partem
542 2137 580 2200 ut
603 2137 716 2220 putem
742 2136 850 2200 denuo
876 2153 1011 2216 magnas
1027 2133 1294 2216 perturbationes

225 2247 324 2330 atque
347 2252 482 2318 lacunas
506 2273 576 2317 esse
600 2245 800 2320 indicandas.
816 2291 856 2304 -
874 2255 925 2318 Vs
951 2255 1017 2319 733
1033 2255 1066 2318 et
1080 2253 1146 2318 734
1158 2252 1295 2317 Toxilus

224 2364 332 2432 denuo
367 2370 519 2437 lenonem
555 2373 710 2437 admonet
745 2393 779 2437 se
808 2375 876 2438 tam
906 2373 990 2437 hene
1014 2373 1054 2436 de
1079 2392 1116 2436 eo
1140 2373 1295 2437 meritum

225 2503 311 2567 esse,
348 2493 447 2576 atque
484 2492 592 2556 denuo
629 2492 704 2557 leno
728 2494 757 2557 ei
781 2493 902 2574 gratias
927 2493 1010 2572 agit:
1037 2489 1093 2577 (de
1118 2493 1201 2557 tritis
1225 2491 1295 2557 istis

225 2606 330 2672 verbis
363 2610 502 2675 „bonam
526 2608 660 2688 ritam‚''
683 2612 733 2675 vel
763 2612 885 2676 „multa
909 2611 997 2675 bona
1021 2609 1198 2679 tacere”cf.
1217 2608 1293 2676 Cas.

124 2798 127 2804 Δ
225 2723 411 2808 7ε8·;37,
448 2731 548 2795 Poen.
588 2730 762 2811 5:4zto,
787 2729 860 2795 Cas.
895 2727 1125 2816 4:4:17)1).
1174 2730 1296 2794 Versus

225 2841 331 2911 ultimi
365 2851 454 2932 prior
489 2869 565 2932 pars
603 2851 723 2914 usitata
760 2851 808 2913 est
848 2848 989 2913 formula
1021 2840 1114 2913 'abire
1138 2847 1294 2925 volentis,
1407 2903 1412 2914 .

224 2967 383 3044 posterior
411 2969 535 3033 salvere
558 2968 708 3034 iubentis.

272 3083 406 3152 Toxilus
445 3108 542 3153 omen
580 3088 755 3152 verborum
790 3087 917 3151 lenonis
957 3087 1012 3149 ‚ut
1040 3084 1123 3149 bene
1147 3085 1189 3148 sit
1214 3083 1292 3150 tibi?

224 3203 384 3287 accipiens
419 3208 452 3271 et
486 3207 704 3289 pronuntians
744 3225 779 3269 se
815 3224 890 3270 cum
925 3204 1051 3269 lenonis
1087 3200 1204 3268 liberta
1228 3203 1295 3269 iam

225 3320 458 3392 inclinaturum
483 3346 551 3390 esse
576 3326 653 3392 abit.

271 3561 368 3628 IV:9
395 3561 505 3650 (738).
536 3566 778 3646 Argumentum
802 3564 900 3627 huius
927 3581 1043 3626 scenae
1068 3563 1116 3625 est
1135 3562 1296 3626 adrentus

225 3679 417 3762 SaturioniS‚
442 3684 500 3766 qui
523 3683 624 3748 filiam
649 3703 743 3748 suam
771 3702 882 3747 secum
907 3682 1068 3747 abducere
1092 3682 1173 3748 vult.
1205 3681 1296 3746 Leno

225 3797 381 3883 intellegit
404 3822 439 3866 se
464 3803 638 3884 deceptum
664 3822 733 3867 esse
757 3803 840 3867 dolis
865 3801 971 3866 Toxili
985 3804 1017 3867 et
1029 3801 1148 3866 Persae
1161 3802 1259 3884 atque
1275 3821 1297 3866 a

229 3966 439 3977 ——.—

261 4080 279 4141 ¹)
298 4079 336 4135 nt
361 4085 453 4136 nostro
481 4081 540 4136 loco
568 4086 595 4137 et
616 4083 670 4137 Cas.
689 4081 717 4137 ll.
736 4083 758 4136 A
778 4080 872 4137 habet:
892 4081 961 4136 bona
978 4081 1075 4144 multa3
1095 4080 1294 4136 ceterizbonam

225 4172 306 4231 vitam
