3046 4966
740 547 786 611 44

221 726 307 797 Puto
338 733 541 804 alacritatem
576 739 657 803 initii
692 758 830 804 scaenae
866 739 965 804 huius
999 739 1143 805 'multum
1172 737 1294 818 augeri,

218 845 245 909 si
270 847 354 915 duos
379 873 491 923 versus
515 856 596 942 (778
622 858 655 921 et
680 855 761 943 779)
787 858 942 933 delemus,
982 859 1038 942 qui
1063 878 1102 922 ex
1127 856 1294 922 Bacchidi·

220 962 282 1031 irus
322 971 410 1040 1087
449 985 480 1040 et
512 977 599 1075 1089
625 977 689 1041 huc
713 978 862 1043 translati
886 998 955 1042 esse
983 977 1063 1043 mihi
1091 973 1292 1061 videntnr¹).

220 1080 310 1153 'turn
337 1093 449 1161 statim
471 1115 590 1162 scaena
617 1097 748 1179 incipit:
779 1097 880 1173 Perii,
904 1097 1012 1163 interii
1034 1101 1089 1163 cet.
1115 1092 1296 1160 —Iisdem

219 1203 327 1271 verbis
364 1211 477 1280 Euclio
501 1235 599 1281 senex
622 1216 710 1299 (Aul.
735 1218 777 1283 4:
793 1218 813 1281 9
830 1238 837 1282 :
856 1216 888 1304 1)
912 1219 946 1283 in
970 1232 1122 1283 scaenam
1149 1213 1297 1298 procedit

221 1327 398 1411 postquam
428 1330 618 1402 thesaurum
640 1357 740 1414 suum
763 1339 981 1421 interceptum
1004 1357 1073 1402 esse
1089 1334 1295 1401 animadvor-

222 1439 268 1507 tit.
321 1447 495 1521 Prccterea
522 1457 607 1521 hanc
636 1477 768 1524 scenam
796 1478 862 1523 uno
893 1460 1005 1523 tenore
1032 1446 1202 1538 usquead
1228 1453 1295 1519 796

223 1561 405 1637 trochaicds
437 1575 499 1657 legi
523 1578 629 1646 veiim.
674 1560 721 1643 'Vs
751 1579 934 1643 780-785
963 1576 1093 1643 Reiaius
1115 1573 1297 1652 trochaicos

222 1681 393 1772 descripsit
428 1695 611 1762 785-788
635 1699 666 1762 et
692 1698 876 1787 iac-796
902 1697 980 1761 item
1003 1692 1200 1761 Rilsctrciiua
1228 1691 1295 1756 789
1360 1730 1364 1741 ·

223 1801 254 1865 ct
281 1805 348 1874 790
375 1812 451 1877 item
478 1796 516 1881 0'.
542 1816 776 1903 Seijffew)
813 1813 1062 1902 (Quaestionum
1086 1811 1326 1876 metricarum·

224 1926 397 2005 particula:
423 1933 463 1997 de
475 1934 725 2001 bacchiacorum
741 1930 896 2001 versuum
911 1955 971 1999 usu
984 1933 1146 1998 Plautino.
1161 1930 1293 1995 Dissert.
1369 2020 1373 2027 ι

224 2040 334 2127 inaug.
359 2048 500 2118 Berolini
530 2053 645 2140 1884),
669 2057 773 2120 metro
798 2053 971 2119 bacchiaco
996 2052 1168 2135 repudiato
1191 2050 1297 2131 legem

223 2164 367 2245 probans
411 2174 469 2238 »ut
504 2175 693 2240 tetrameter
732 2174 846 2240 bacch.
889 2192 937 2240 ac.
978 2191 1082 2237 unum
1122 2171 1297 2235 minimum

228 2300 372 2373 apurum,
390 2290 562 2357 bacchium
585 2293 620 2380 (a
644 2313 710 2377 quo
733 2294 845 2358 tamen
869 2292 1048 2357 solutiones
1071 2309 1139 2355 non
1161 2288 1296 2353 omnino

226 2403 372 2476 „alienae
398 2411 491 2497 sunt)
516 2415 682 2478 continere
707 2411 846 2476 debeat''
869 2412 941 2476 vids
965 2430 1018 2494 pg.
1045 2411 1086 2475 15
1112 2410 1145 2474 et
1171 2409 1222 2472 18.
1251 2441 1296 2455 -

223 2521 407 2610 Spcupclius
429 2552 484 2596 eos
507 2532 732 2616 anapaesticus
755 2530 933 2613 descripsit.

275 2765 341 2832 ica
367 2767 425 2856 (5·
441 2772 460 2836 i
475 2793 482 2837 :
498 2772 534 2856 5)
562 2731 639 2836 Sine
666 2771 733 2837 nlla
758 2771 915 2835 librorum
941 2739 1123 2832 mutatione
1147 2766 1236 2847 lego:

273 2887 442 2955 Vehiclum
474 2893 604 2973 'argenti
641 2895 739 2956 miser
775 2891 870 2967 eieci,
909 2888 1020 2965 amisi,
1057 2904 1164 2968 neque
1195 2904 1296 2967 quam

525 3004 530 3013 ’
919 3008 962 3072 oh
986 3026 1055 3071 rem
1075 3005 1154 3070 e'ieci
1177 3004 1293 3070 habeo.

275 3248 340 3313 783
367 3245 403 3334 (5
418 3250 460 3315 :i
475 3272 483 3314 :
497 3251 530 3332 6)
553 3251 587 3314 in
611 3249 702 3314 libris
726 3250 772 3313 sic
795 3248 929 3329 iegitur:

233 3431 430 3440 -—-——

263 3552 280 3609 ¹)
317 3545 478 3602 Bacchidum
498 3564 590 3602 versus
609 3546 637 3601 hi
655 3550 718 3601 sunt
737 3555 779 3614 (ex
798 3564 850 3603 rec.
872 3547 1055 3612 Fleckeisenitp

261 3643 308 3699 Νι.
326 3642 513 3715 Quiququuc
533 3643 603 3716 [ubi]
624 3643 723 3714 ubique
741 3648 817 3710 sunt,
837 3642 883 3715 qui
901 3642 1011 3697 fuerunt
1029 3634 1127 3714 qui'qut
1139 3640 1297 3696 futurisunt

1213 3735 1296 3790 sthac.

263 3835 340 3890 Solris
358 3852 407 3906 ego
426 3835 511 3889 omnis
528 3836 608 3906 longe
626 3834 734 3890 antideo
752 3834 869 3890 stultitia
888 3839 915 3890 ct
933 3833 1050 3888 moribus
1069 3735 1211 3887 indocti?
1264 3792 1270 3803 ⁴

262 3940 281 3994 ι’)
318 3931 386 3986 Vide
406 3933 470 3986 hoc:
490 3949 558 4003 quae
574 3931 639 3986 hacc
659 3929 847 4004 iabuldsttpol
858 3931 901 3986 hic
915 3925 1297 4002 quidempctanoaggreditr.

1127 4024 1229 4080 obona
1247 4022 1296 4089 vir,

266 4128 381 4195 salveto,
410 4130 437 4182 ct
463 4132 493 4180 tu
521 4124 591 4181 bona
612 4125 716 4180 liberta
743 4125 774 4180 Τ.
800 4123 932 4179 Ildrdalns
950 4123 993 4178 hic
1020 4121 1162 4194 quidemst.
1180 4122 1204 4173 S.
1225 4117 1296 4188 Quin

1138 4216 1199 4271 iube
1216 4213 1296 4269 adire.
